2175 3409
88 93 120 140 38
256 112 259 119 ,
347 85 375 133 Ο.
391 87 493 136 JULII
510 87 684 136 CAESARIS

85 168 329 241 appropinquabat,
345 167 541 223 consuetudine
561 185 609 223 sna
628 169 730 225 Caesar
749 189 798 228 sex
816 175 936 243 legiones

85 246 229 316 expeditas
253 244 384 300 ducebat:
409 247 472 312 post
492 260 539 298 eas
560 246 645 299 totius
666 249 802 302 exercitus
821 251 936 319 impedi-

85 326 177 377 menta
188 320 345 375 collocarat:
362 318 427 374 inde
440 320 510 374 duae
522 320 643 389 legiones
655 341 725 391 quae
737 326 859 393 proxime
873 344 935 380 con-

85 398 202 467 scriptae
226 400 304 452 crant
328 400 418 452 tetum
441 414 538 465 agmen
559 398 724 453 claudebant
743 401 935 470 praesidioque

84 473 287 543 impedimentis
308 477 393 528 erant
430 474 653 544 Equitesnostri
673 492 734 529 cum
753 476 936 532 funditoribus

84 551 287 619 sagittariisque
304 550 405 604 flumen
420 551 582 618 transgressi
598 568 659 605 eum
676 552 795 606 hostium
811 554 936 622 equitatu

82 626 215 697 proelium
227 626 427 680 commiserunt.
459 627 548 691 Qumn
561 644 590 681 se
602 627 641 681 illi
653 627 805 683 identidem
816 630 845 682 in
855 629 935 684 silvas
1007 658 1013 669 ·

83 704 120 757 ad
131 720 194 758 sues
206 703 360 771 reciperent
372 719 404 756 ac
415 718 509 756 rursus
521 719 557 756 ex
568 704 637 757 silva
647 705 675 758 in
684 709 793 759 nostros
801 706 935 774 impetum

82 780 213 848 facerent,
235 796 325 848 neque
347 780 434 834 nostri
456 779 564 848 longius
589 798 670 849 quam
694 799 775 850 quem
796 781 832 834 ad
852 782 934 836 finem

82 860 209 925 porrecta
228 872 260 909 ac
281 855 339 909 loca
359 858 456 924 aperta
478 856 654 925 pertinebant
677 858 806 912 cedentes
828 857 935 926 insequi

83 933 223 999 auderent,
242 932 491 1000 interimlegienes
510 949 566 999 sex,
583 950 653 1002 quae
671 935 775 1003 primae
793 938 934 1003 venerant,

83 1025 165 1078 opere
189 1008 311 1061 dimenso
334 1012 424 1062 castra
447 999 553 1063 munire
577 1014 731 1079 coeperrmt.
767 1011 823 1065 Ubi
845 1012 935 1080 prima

82 1081 278 1154 impedimenta
288 1086 375 1139 nestri
389 1086 525 1139 exereitus
540 1085 576 1138 ab
591 1086 634 1140 his
650 1088 697 1154 qui
712 1088 741 1140 in
757 1088 831 1141 silvis
847 1087 934 1141 abditi

82 1159 205 1216 latebant
220 1162 277 1215 visa
294 1165 365 1230 sunt,
381 1162 454 1229 quod
470 1165 580 1229 tempus
595 1163 669 1217 inter
684 1180 731 1217 eos
747 1164 935 1224 committendi

82 1238 178 1308 proelii
194 1241 364 1305 convenerat,
377 1237 417 1291 ita
432 1241 465 1291 ut
481 1238 554 1291 intra
570 1238 651 1293 silvas
668 1239 754 1293 aciem
770 1240 935 1308 ordinesque

81 1315 281 1369 constituerant
293 1316 377 1381 atque
388 1313 440 1382 ipsi
454 1329 514 1367 sese
527 1314 762 1384 confirmaverant,
774 1315 865 1369 subito
878 1333 935 1369 om-

81 1390 161 1443 nibus
169 1391 253 1458 copiis
262 1390 471 1458 provolaverunt
479 1391 819 1460 impetumqueinnostros
828 1392 935 1459 equites

82 1466 213 1520 fecerunt.
256 1467 308 1520 His
329 1467 408 1521 facile
429 1468 513 1536 pulsis
537 1484 569 1521 ac
592 1467 760 1537 proturbatis
782 1467 934 1522 incredibili

82 1543 224 1596 celeritate
244 1542 280 1596 ad
297 1542 398 1596 flumen
416 1543 630 1597 decucurrerunt
645 1547 677 1597 ut
692 1560 780 1611 paene
795 1540 849 1597 uno
866 1547 935 1597 tcm-

81 1635 147 1687 pore
160 1619 237 1672 etad
249 1618 330 1672 silvas
341 1622 371 1673 et
381 1620 409 1673 in
421 1619 532 1673 flumine
544 1623 574 1673 et
585 1618 645 1687 jam
658 1620 685 1672 in
697 1617 822 1676 manibus
833 1620 934 1673 nostris

81 1694 174 1748 hostes
197 1693 363 1749 viderentur.
412 1695 516 1749 Eadem
540 1698 633 1748 autem
655 1694 796 1749 celeritate
818 1695 935 1749 adverso

81 1769 149 1824 colle
165 1769 202 1822 ad
218 1774 317 1840 nostra
328 1775 419 1826 castra
436 1776 518 1841 atque
534 1787 581 1825 eos
599 1772 646 1839 qui
662 1771 793 1839 inopere
811 1770 934 1840 occupati

82 1848 161 1900 erant
172 1846 380 1901 contenderunt.

134 1928 174 1977 20.
211 1922 322 1977 Caesari
336 1920 425 1975 omnia
440 1937 494 1975 une
505 1924 631 1992 tempore
642 1926 720 1977 erant
732 1923 852 1991 agenda:
870 1940 935 1978 vex-

81 1997 157 2052 illum
176 1997 389 2067 proponendum,
406 1998 480 2067 quod
500 2003 560 2053 erat
577 1999 684 2067 insigne
703 2017 787 2069 quum
805 2000 842 2054 ad
859 2015 935 2052 arma

80 2076 204 2130 concurri
216 2078 365 2144 oporteret,
378 2075 485 2143 signum
497 2073 566 2127 tuba
577 2074 706 2142 dandum,
719 2075 754 2129 ab
766 2092 848 2144 opere
860 2092 935 2128 reve

81 2152 161 2205 candi
179 2152 286 2217 milites,
306 2151 352 2220 qui
372 2151 453 2221 paulo
472 2151 578 2218 longius
596 2151 704 2218 aggeris
722 2150 836 2219 petendi
854 2166 935 2203 causa

81 2231 269 2295 processerant
283 2227 443 2296 arcessendi,
455 2227 527 2282 acies
544 2227 712 2292 instruenda,
725 2226 826 2281 milites
842 2226 935 2280 cohor-

81 2304 165 2372 tandi,
176 2306 283 2372 signum
292 2304 422 2359 dandum.
453 2304 574 2374 Quarum
586 2319 678 2356 rerum
689 2318 815 2377 magnam
826 2304 935 2371 partem

81 2382 212 2449 temporis
224 2381 343 2435 brevitas
355 2382 385 2434 ot
397 2396 536 2434 successus
545 2379 664 2434 hostium
673 2377 849 2448 impediebat.
879 2378 935 2431 His
984 2373 998 2400 *¹

83 2456 289 2511 difficultatibus
310 2456 381 2511 duae
401 2473 446 2510 res
467 2459 548 2510 erant
569 2455 697 2522 subsidio,
720 2454 870 2508 scientiae
900 2470 935 2507 ue

80 2529 146 2587 usus
157 2533 284 2601 militum,
297 2532 371 2601 quod
384 2532 569 2602 superioribus
580 2531 691 2601 proeliis
706 2530 855 2597 exercitati,
868 2528 942 2596 quid·

81 2608 141 2661 fieri
154 2611 294 2677 oporteret
306 2625 359 2661 non
373 2609 461 2662 minus
473 2607 614 2662 commode
626 2606 678 2675 ipsi
690 2604 741 2660 sibi
750 2604 935 2673 praescribere

81 2701 163 2752 quam
183 2684 218 2738 ab
239 2684 298 2738 aliis
317 2685 409 2739 doceri
430 2687 567 2754 poterant,
586 2686 616 2737 et
635 2681 709 2750 quod
727 2681 763 2733 ab
782 2696 865 2747 opere
883 2680 936 2732 sin-

80 2760 205 2828 gulisque
227 2760 377 2828 legionibus
398 2761 518 2828 singulos
541 2759 646 2828 legates
671 2758 771 2811 Caesar
795 2755 936 2809 discedere

81 2836 133 2889 nisi
144 2836 256 2890 munitis
268 2836 365 2889 eastris
378 2840 509 2891 vetuerat.
536 2836 576 2890 Hi
585 2837 698 2904 propter
706 2832 936 2902 propinquitatem

5 2957 6 2962 ,
81 2913 111 2963 et
122 2911 290 2966 celeritatem
302 2913 422 2967 hostium
434 2912 501 2967 nihil
515 2913 575 2981 jam
592 2910 716 2966 Caesaris
729 2909 876 2978 imperium
890 2925 936 2963 ex-

5 2999 6 3058 ]
81 2986 237 3053 pcetabant,
250 2987 300 3041 sed
311 3006 362 3057 per
374 3007 404 3044 se
415 3006 485 3059 quae
497 2989 663 3044 videbantur
674 2987 907 3041 administrabant.

5 3065 7 3090 l
134 3066 175 3113 21.
212 3063 313 3117 Caesar
333 3067 493 3120 necessariis
513 3066 596 3120 rebus
618 3063 759 3133 imperatis
783 3062 819 3116 ad
843 3062 935 3116 cahom

5 3097 7 3128 ᾗ
81 3133 181 3189 andos
194 3135 294 3189 milites
306 3141 545 3209 quaminpartom
558 3140 615 3193 fors
627 3139 728 3193 obtulit
739 3136 896 3192 decucurrit
907 3138 935 3190 et
966 3199 969 3203 Α
