2175 3409
500 116 612 166 LIBER
629 116 679 165 VI.
974 123 1021 172 115

165 195 232 251 anni
241 193 542 263 munitiones'integrae
555 195 703 251 manebant
714 198 748 250 ut
762 195 883 251 militum
899 191 1022 257 laborem

161 271 329 327 sublevaret.
364 270 506 324 Praesidio
523 271 728 340 impedimentis
744 271 878 340 legionem
892 288 943 328 nv
957 276 1021 330 reli-

164 348 235 418 quit,¹
250 361 333 401 unam
351 362 386 401 ex
403 346 445 400 bis
463 347 553 401 tribus
571 365 640 417 quas
657 348 783 424 proxime
800 350 968 419 conscriptas
986 368 1021 406 ex

166 423 248 478 Italia
265 422 470 478 transduxerat
510 424 544 477 Ei
562 423 663 492 legioni
681 417 832 493 castrisque
851 425 883 491 Q.
901 426 1020 482 Tullium

165 500 325 554 Ciceronem
337 487 478 567 praefecit
483 496 670 567 ducentosque
683 500 791 568 equites
803 499 938 554 attribuit

216 580 257 630 33.
295 574 403 628 Partito
421 573 546 628 exercitu
564 574 593 629 Τ.
612 574 762 629 Labienum
786 592 848 630 cum
869 575 1021 645 legiombus

124 663 126 666 ·
164 650 253 704 tribus
265 650 302 704 ad
314 649 454 704 Oceanum
466 666 561 706 versus
575 649 604 704 in
618 667 666 704 eas
683 654 777 720 partes
791 667 863 719 quae
879 651 1020 721 Menapios

163 727 306 793 attingunt
315 724 450 796 proficisci
459 724 557 792 jubet:
570 726 599 780 Ο.
613 726 778 780 Trebonium
790 743 852 780 cum
865 727 924 796 pari
935 725 1020 795 legio-

163 816 229 854 num
241 817 355 857 numero
369 799 405 854 ad
420 815 482 854 eam
496 800 636 869 regionem
651 818 722 870 quae
739 802 894 856 Aduatueis
908 801 1019 871 adjacet

164 871 383 945 depopulandam
396 876 496 932 mittit:
508 876 568 945 ipse
579 892 640 931 eum
648 877 761 947 reliquis
770 877 860 932 tribus
871 878 908 931 ad
917 877 1018 932 flumen

164 950 289 1005 Scaldem
303 951 377 1021 quod
386 950 476 1005 influit
484 951 515 1005 in
522 952 638 1021 Mosam,
646 957 838 1021 extremasque
848 953 1019 1008 Arduennae

163 1029 257 1095 partes
268 1028 309 1081 ire
316 1026 530 1095 constituitque
538 1044 601 1082 cum
612 1029 706 1097 paucis
714 1029 853 1097 equitibus
864 1029 1017 1097 proiectum

164 1100 352 1171 Ambiorigem
364 1102 501 1157 audiebat.
538 1103 690 1159 Discedens
707 1104 1017 1174 postdiem'septimum

163 1193 225 1232 sese
236 1186 409 1233 reversurum
421 1179 572 1247 confirmat,
582 1196 664 1248 quam
673 1180 709 1233 ad
718 1180 793 1235 diem
802 1180 828 1234 ei
837 1180 938 1248 legleni
947 1195 1017 1249 quae

162 1253 192 1307 in
214 1253 352 1323 praesidio
375 1254 584 1322 relinquebatur
606 1256 775 1310 frumentum
792 1255 887 1310 deberi
904 1256 1017 1309 sciebat

78 1379 83 1382 .
163 1328 315 1384 Labienum
327 1329 545 1399 Treboniumque
560 1329 732 1397 bortatur,si
747 1331 788 1386 rei
805 1330 931 1399 publicae
944 1346 1016 1386 com·

162 1404 244 1458 modo
253 1407 343 1460 iacere
354 1405 466 1474 possint,
474 1405 511 1458 ad
521 1421 584 1459 enm
596 1405 670 1459 diem
681 1409 865 1472 revertantur,
876 1409 909 1460 ut
920 1422 1016 1460 rursus

162 1481 361 1540 communicato
378 1480 489 1535 consilio
506 1479 710 1549 exploratisque
727 1481 846 1537 hostium
863 1482 1016 1536 rationibus

162 1556 238 1610 aliud
248 1556 314 1611 belli
324 1556 433 1611 initium
445 1571 544 1625 capere
556 1558 675 1626 possent

142 1648 144 1651 ⁴
214 1638 256 1687 34„
291 1632 367 1701 Erat,
383 1634 418 1686 ut
440 1647 523 1701 supra
546 1631 800 1702 demonstravimus,
820 1649 916 1688 manns
938 1635 1016 1689 certa

161 1707 242 1773 nulla,
265 1723 319 1761 non
343 1706 483 1775 oppidum,
507 1724 562 1761 non
585 1707 759 1777 praesidium,
780 1709 855 1777 quod
879 1725 909 1763 se
932 1710 1015 1766 armis

162 1779 331 1851 defenderet,
356 1782 406 1837 sed
426 1782 455 1835 in
478 1783 573 1837 omnes
596 1788 691 1858 part-es
711 1782 835 1852 dispersa
857 1785 1014 1840 multitudo

161 1856 218 1923 Ubi
229 1860 327 1928 cuique
338 1860 387 1929 aut
398 1857 476 1912 vallis
488 1858 587 1912 abdita
595 1862 644 1913 aut
653 1855 728 1914 locus
737 1860 925 1916 silvestrisut

161 1932 295 2003 impedita
313 1929 390 2004 spem
407 1933 537 2002 praesidii
555 1938 604 1988 aut
622 1936 718 1989 salutis
736 1931 856 2008 aliquam
873 1860 1015 2002 diluebat,

161 2010 330 2064 consederat
368 2010 445 2064 Haec
462 2009 521 2063 loca
543 2010 736 2065 vicinitatibus
747 2015 827 2066 erant
848 2014 921 2078 nota,
939 2028 1015 2079 mag-

161 2100 279 2155 namque
291 2101 336 2139 res
348 2084 519 2153 diligentiam
531 2085 699 2155 requirebat,
711 2102 766 2140 non
778 2087 806 2140 in
819 2103 924 2142 sunum
935 2103 1014 2140 exer-

161 2159 351 2228 citustuenda,
358 2160 463 2214 nullum
470 2160 543 2214 enim
556 2165 666 2230 poterat
672 2162 806 2217 universis
813 2163 848 2216 ab
859 2162 1014 2231 pertenitis

161 2250 194 2289 ac
205 2234 335 2306 dispersis
347 2236 499 2304 periculum
510 2236 642 2305 accidere,
656 2238 745 2310 sedin
757 2237 871 2306 singulis
882 2237 1014 2291 militibus

161 2311 370 2377 conservandis;
382 2327 453 2380 quae
465 2314 558 2366 tammr
570 2328 604 2367 ex
616 2316 697 2382 parte
708 2329 754 2367 res
767 2313 927 2367 adsalutem
936 2329 1015 2367 exer·

161 2386 233 2440 citus
255 2387 420 2456 pertinebat.
465 2387 537 2441 Nam
558 2392 589 2442 et
611 2388 731 2456 praedae
754 2389 890 2458 cupiditas
913 2389 1015 2443 multos

161 2461 269 2529 longius
280 2462 417 2531 evocabat,
431 2466 460 2518 et
471 2464 555 2517 silvae
567 2463 680 2518 incertis
692 2465 858 2534 occultisque
870 2465 1014 2520 itineribus

161 2539 297 2593 confertos
315 2537 392 2593 adire
408 2538 599 2608 prohibebant.
635 2540 665 2595 si
678 2540 818 2607 negotium
837 2541 932 2595 confici
946 2541 1015 2595 'stir-

160 2629 278 2684 pemque
289 2613 429 2669 hominum
440 2616 635 2670 sceleratorum
647 2616 765 2671 interfici
777 2617 867 2684 vellet,
875 2617 1014 2672 dimitten-

160 2690 213 2744 dae
222 2690 315 2759 plures
322 2705 418 2745 manus
426 2690 628 2759 diducendique
635 2695 715 2747 erant
721 2693 837 2748 milites:
847 2694 1015 2748 sicontinere

122 2794 125 2800 ,
160 2764 198 2819 nd
209 2766 286 2833 signa
294 2766 446 2836 manipulos
454 2767 545 2835 vellet,
553 2771 585 2821 nt
593 2767 722 2822 instituta
730 2768 801 2822 ratio
809 2770 1014 2824 eteonsuetudo

160 2842 297 2895 exercitus
316 2841 431 2896 Romani
449 2842 613 2911 postulabat,
630 2843 705 2897 loeus
721 2844 781 2913 ipse
799 2849 860 2898 crat
876 2844 1014 2913 praesidio

159 2915 293 2985 barbaris,
310 2933 400 2986 neque
418 2934 452 2973 ex
470 2919 577 2973 occulto
594 2919 744 2973 insidiandi
760 2922 790 2973 et
807 2920 945 2990 dispersos
962 2920 1013 2973 cir

159 2991 348 3046 cumveniendi
370 2993 484 3061 singulis
501 2994 598 3049 deerat
614 2993 736 3048 audacia.
773 2996 815 3049 At
832 2994 864 3048 in-
878 2994 1013 3061 ejusmodi

159 3068 367 3122 difficultatibus
379 3072 512 3140 quantum
523 3070 667 3139 diligentia
678 3070 816 3140 provideri
827 3072 940 3138 poterat
950 3073 1013 3136 pro'-

159 3142 313 3212 videbatur,
319 3147 353 3199 ιιι
359 3144 451 3215 potius
458 3147 487 3200 in
494 3147 616 3201 nocendo
625 3145 728 3214 aliquid
735 3145 1012 3214 praetermitteretur,
