2175 3409
15 81 31 140 s*
52 73 123 139 ‘los
327 89 356 138 c.
373 88 475 139 cumr
492 88 665 139 caesurus
916 157 922 164 .

18 163 29 236 Ξ
73 166 127 221 tati
138 158 267 236 praemiis
278 167 308 220 et
318 182 368 219 sua
380 170 477 235 sponte
489 166 568 220 multi
580 165 609 219 in
619 165 789 236 disciplinam
794 169 921 224 couveni-

12 253 28 312 ξς
73 246 125 296 unt
136 245 165 294 et
177 258 193 295 a
205 241 363 310 parentibus
375 242 590 311 propinquisque
598 244 753 300 mittuntur.
788 244 920 312 Magnum

11 329 29 376 ’s
73 318 113 371 ibi
124 333 266 371 numerum
284 333 412 371 versuum
428 318 551 372 ediscere
568 319 709 374 dicuntur:
728 321 822 389 itaque
838 336 921 374 annos

74 392 195 447 nonnulli
214 407 253 446 xx
271 393 299 446 in
320 392 462 461 disciplina
479 398 648 463 permanent
684 395 783 464 Neque
800 395 842 449 fas
861 412 922 449 esse

74 469 233 524 existimant
256 485 288 523 ea
310 468 411 522 litteris
428 469 567 538 mandare,
586 488 670 540 quum
687 473 716 525 in
733 471 846 540 reliquis
863 472 922 525 fere

10 547 14 586 ὲ
74 545 164 613 rebus,
181 542 296 613 publicis
315 543 484 614 privatisque
509 547 668 615 rationibus,
690 547 802 602 Graecis
822 547 923 601 litteris

15 669 22 680 ,
75 624 197 677 utantur.
230 618 267 674 Id
277 620 344 674 mihi
356 619 462 675 duabus
475 622 510 677 de
522 622 610 677 musis
619 622 771 677 instituisse
779 622 908 677 videntur
915 643 923 688 ;

9 749 19 762 Α
75 697 149 767 quod
168 713 257 766 neque
272 698 300 751 in
312 697 423 767 vulgum
439 699 608 767 disciplinam
624 700 715 755 efferri
730 700 923 772 relictaeque

18 777 25 826 ζ
75 790 122 827 eos
134 774 181 841 qui
191 773 299 828 discunt
307 773 409 828 litteris
419 775 533 830 confisos
542 776 631 831 minus
639 777 786 831 memoriae
796 774 909 850 studere
916 795 924 840 ;

9 863 23 922 q
75 848 150 919 quod
161 850 219 903 iere
230 850 369 922 plerisque
381 850 480 906 accidit
492 854 524 906 ut
539 853 677 923 praesidio
693 851 848 906 litterarum
863 850 929 911 dila,

75 926 195 994 gentiam
218 927 246 981 in
269 929 450 996 perdiscendo
469 945 501 984 ac
522 929 681 984 memoriam
701 928 852 982 remittant.
889 927 923 979 In

8 1067 11 1074 Ι
76 1002 172 1071 primis
183 1003 234 1058 boc
245 1005 340 1059 volunt
354 1006 529 1076 persuadere,
546 1022 601 1059 non
616 1005 730 1060 interire
745 1005 857 1071 animas,
874 1003 927 1057 scd

45 1147 49 1152 .
76 1077 112 1131 ab
123 1079 184 1133 aliis
195 1084 384 1148 postmortem
394 1082 511 1136 transire
520 1082 557 1135 ad
566 1081 641 1150 alios,
650 1081 795 1151 atquehoc
833 1080 923 1133 exime
955 1108 960 1120 ·

76 1154 113 1208 ad
136 1154 267 1211 virtutem
295 1157 409 1211 excitari
437 1161 536 1226 putant
559 1160 637 1212 metu
660 1156 757 1211 mortis
882 1119 1018 1209 trimo·
1078 1161 1080 1166 '

77 1230 166 1285 Multa
186 1237 329 1301 praeterea
350 1233 385 1287 de
406 1232 541 1287 sideribus
562 1236 645 1302 atque
667 1250 761 1287 eorum
782 1234 867 1300 motu,
888 1230 924 1284 de

77 1306 171 1361 muudi
190 1325 222 1361 ac
240 1313 376 1363 terrarum
395 1308 593 1376 magnitudine,
609 1308 644 1362 de
660 1324 753 1362 rerum
767 1310 872 1372 natura
888 1305 924 1359 de

77 1383 191 1435 deorum
202 1383 396 1438 immortalium
408 1384 435 1437 vi
447 1399 479 1438 ac
490 1386 630 1454 potestate
640 1384 783 1453 disputant
792 1385 821 1436 et
828 1383 925 1452 juverr-

78 1458 132 1510 tuti
144 1457 265 1512 tradunt.

131 1537 170 1585 15.
207 1534 334 1588 Alterum
346 1551 433 1602 genus
445 1540 488 1591 est
500 1537 630 1606 equitum
661 1536 706 1602 Hi,
714 1553 798 1605 quum
807 1537 850 1589 est
859 1551 924 1588 usus

77 1612 161 1677 atque
170 1609 280 1677 aliquod
287 1609 390 1664 bellum
399 1611 503 1680 incidit,
513 1613 587 1681 quod
595 1612 654 1667 fere
663 1616 728 1666 aute
741 1610 865 1666 Caesaris
877 1610 925 1663 ad-

77 1688 188 1738 ventum
204 1685 349 1753 quotannis
364 1686 487 1741 accidere
504 1688 616 1755 solebat,
634 1688 676 1742 uti
688 1692 736 1741 aut
747 1687 799 1756 ipsi
811 1686 925 1755 injurias

77 1761 210 1814 inferrent
226 1764 273 1814 aut
289 1761 379 1815 illatas
399 1763 596 1832 propulsarent,
616 1780 709 1817 omncs
727 1763 756 1816 in
775 1761 846 1816 bello
864 1778 924 1815 ver-

77 1839 179 1905 santur,
196 1841 280 1907 atqua
304 1854 398 1892 eorum
414 1842 446 1891 ut
466 1839 582 1908 quisque
601 1843 645 1893 ast
663 1855 765 1908 genere
784 1837 925 1907 copiisque

77 1911 264 1982 amplissimus,
276 1914 316 1968 ita
331 1914 462 1984 plurimos
478 1915 580 1970 circum
597 1932 627 1970 se
642 1915 783 1969 ambactos
799 1914 926 1968 clientes-
947 1957 972 1978 „
998 1969 1009 1986 ν

76 1988 230 2057 quehabet.
255 1990 336 2045 Hanc
348 2008 429 2044 uuam
438 1991 556 2059 gratiam
565 1992 773 2060 potentiamque
782 1992 924 2043 noverrmt.
931 1983 945 2043 .‘
962 2026 967 2035 ·
984 1981 992 2024 ἶ
1048 2013 1059 2023 ·

37 2101 51 2140 q
131 2071 170 2120 16.
206 2066 290 2120 Natio
315 2071 358 2121 cst
382 2068 468 2122 omnis
494 2067 634 2121 Gallorum
658 2066 806 2120 admodum
830 2064 934 2126 dedita,

75 2141 260 2211 religionibus,
272 2146 357 2212 atque
370 2142 404 2196 ob
417 2160 477 2198 eam
489 2144 659 2212 causamqui
677 2146 740 2196 suut
756 2141 847 2197 affecti
862 2158 925 2209 gra·

75 2217 195 2273 rioribus
212 2219 314 2273 morbis
331 2220 432 2289 quique
448 2220 477 2273 in
492 2220 603 2290 proeliis
618 2218 801 2289 periculisque
816 2234 926 2272 versan-

75 2299 129 2364 tur,
142 2300 190 2350 aut
201 2313 250 2366 pro
264 2295 382 2350 victimis
395 2295 518 2349 homines
531 2295 681 2360 immolant,
694 2298 743 2348 aut
759 2311 788 2348 se
803 2293 925 2347 immola

75 2374 152 2426 turos
163 2376 270 2442 vovent,
282 2371 507 2440 administrisque
524 2371 561 2425 ad
577 2388 610 2425 ca
626 2370 758 2425 sacrificia
774 2368 925 2423 Druidibus

75 2451 204 2514 utuntur;
224 2450 304 2517 quod,
323 2465 373 2518 pro
386 2449 444 2502 vita
455 2448 573 2502 hominis
589 2448 642 2502 nisi
658 2446 775 2500 hominis
790 2446 848 2501 vita
863 2445 925 2499 red·

65 2522 164 2592 datur,
184 2541 238 2578 non
256 2542 335 2594 posse
355 2523 459 2594 [aliter]
479 2523 594 2578 deorum
612 2522 807 2578 immortalium
825 2538 925 2578 numcu

74 2598 177 2668 placari
188 2600 367 2668 arbitrantur,
379 2600 545 2670 publiceque
558 2598 683 2668 ejusdem
699 2598 806 2676 generis
822 2595 926 2650 babent

74 2675 202 2730 instituta
213 2677 352 2731 sacrificia.
388 2677 445 2730 arii
456 2676 568 2731 immani
576 2672 926 2746 ·maguitudir,}‘simulacra

75 2750 185 2819 habent,
197 2768 312 2821 quorum
323 2755 454 2807 contexta
466 2751 609 2806 viminibus
621 2751 744 2806 membra
755 2748 823 2802 vivis
839 2748 926 2801 homi-

74 2823 156 2879 nibus
179 2828 322 2896 complent,
342 2828 440 2896 quibus
465 2827 601 2882 succensis
619 2824 796 2881 circumventi
816 2823 927 2877 flamma

75 2901 264 2956 exanimantur
275 2903 404 2956 hominos.
436 2902 574 2971 Supplicia
586 2919 680 2956 corum
692 2901 740 2972 qui
751 2901 780 2954 in
791 2898 865 2953 furto
877 2903 927 2954 aut

75 2975 104 3027 in
119 2975 260 3029 latrocinio
279 2981 327 3030 aut
343 2977 436 3044 aliqua
447 2995 518 3032 noxa
534 2979 589 3033 siut
605 2976 792 3047 comprehensi
804 2975 928 3044 gratiora

75 3049 128 3101 diis
136 3051 333 3104 immortalibus
345 3068 405 3104 csse
412 3052 588 3122 arbitrantur,
599 3055 649 3108 sed
656 3071 741 3124 quum
749 3053 809 3121 ejus
817 3053 928 3120 generis

74 3122 152 3188 copia
163 3123 262 3188 deficit,
269 3125 352 3177 etiarn
364 3125 400 3179 ad
411 3126 593 3182 innocentium
606 3130 736 3199 supplicia
747 3127 927 3186 descendunt
