2175 3409
490 101 602 148 LIBER
618 100 656 148 II.
979 106 1011 154 37

156 185 216 254 pias
228 186 312 252 atque
324 197 384 237 csse
396 181 425 233 in
436 180 550 234 itinere:
568 180 701 235 mulieres
712 182 813 250 quique
829 199 880 249 per
892 185 1011 235 aetatem

157 261 323 329 ad'pugnam
335 258 445 312 inutiles
459 257 619 311 viderentur
633 259 661 311 in
676 274 738 312 enm
753 257 840 310 locum
858 258 1011 325 conjeciss,

157 354 212 406 quo
224 340 337 404 propter
348 333 463 402 paludes
475 333 608 387 exercitui
620 334 713 388 aditus
724 351 778 387 non
791 338 870 388 esset.

212 416 250 468 17.
288 410 341 463 His
355 409 438 464 rebus
453 410 569 477 cognitis
585 410 771 479 exploratores
787 412 1013 480 centurionesque

157 487 312 557 praemittit
324 487 371 555 qui
382 486 471 539 locum
487 485 617 538 idoneum
632 487 729 540 castris
746 486 875 555 deligant.
913 488 1014 553 Quum-

79 599 85 610 ·
158 580 213 633 que
233 581 268 617 ex
289 563 423 617 dedititiis
444 562 538 630 Belgis
562 562 728 630 reliquisque
753 563 838 616 Gallis
862 565 1014 635 complures

159 641 304 694 Caesarem
326 639 412 693 secuti
431 653 488 691 una
506 638 562 691 iter
581 638 709 705 facerent,
729 639 840 706 quidam
859 657 894 694 ex
913 641 962 709 bis,
982 646 1014 695 ut

158 719 255 785 postea
269 732 304 769 cx
320 716 434 784 captivis
450 715 589 782 cognitum
606 718 657 781 est,
670 732 764 768 eorum
781 716 887 770 dierum
903 735 1014 772 consue-

71 812 84 836 ν
100 818 106 834 1
140 791 257 845 «tumne
269 791 375 846 itineris
388 791 474 845 nostri
487 790 625 844 exercitus
640 796 791 859 perspecta
804 796 885 846 nocte
897 793 932 846 ad
946 794 972 846 N
974 811 1014 847 er-

1 868 2 883 *
93 879 95 884 '
159 868 218 936 rios
226 869 413 937 pervenerunt
422 870 507 934 atquc
519 867 562 920 his
576 866 799 922 demonstrarunt
811 870 883 921 inter
895 869 1013 937 singulas

159 944 280 1012 legiones
303 943 561 1012 impedimentorum
585 961 714 1012 magnum
737 961 880 998 numerum
900 945 1014 999 interce

160 1019 235 1088 dere,
246 1037 336 1090 neque
347 1037 407 1074 esse
419 1019 569 1089 quidquam
582 1022 693 1088 negotii,
707 1038 790 1090 quum
802 1022 890 1090 prima
901 1021 972 1089 legio
984 1022 1013 1074 in

160 1099 250 1150 castra
264 1096 392 1164 venisset,
410 1096 588 1165 reliquaeque
607 1096 728 1163 legiones
746 1113 875 1163 magnum
895 1097 1012 1164 spatium

160 1172 294 1239 abessent,
306 1172 374 1226 hanc
394 1172 445 1226 sub
465 1172 577 1225 sarcinis
597 1171 712 1236 adoriri3
730 1189 785 1240 qua
803 1173 882 1241 pulsa
899 1172 1013 1241 impedi-

159 1249 314 1316 mentisque
327 1248 443 1319 direptis
455 1248 579 1301 futurum
590 1251 623 1303 ut
632 1248 753 1318 reliquae
761 1252 856 1303 contra
865 1248 1013 1303 consistere

160 1341 214 1377 non
230 1324 371 1380 auderent.
407 1324 570 1392 Adjuvabat
588 1325 671 1378 etiarn
691 1341 784 1379 eorum
803 1325 943 1379 consilium
965 1328 1012 1393 qui

68 1457 71 1462 Α
159 1417 219 1454 rem
233 1399 402 1467 deferebant,
416 1401 491 1469 quod
507 1401 533 1453 N
535 1402 601 1454 ervit
616 1402 775 1469 antiquitus,
789 1418 873 1470 quum
888 1401 1012 1470 equitatu

159 1475 227 1529 nihil
240 1479 351 1545 possent
364 1477 462 1544 (neque
478 1477 552 1529 enim
568 1477 603 1529 ad
618 1478 668 1530 hoc
680 1477 826 1546 tempusei
838 1478 877 1531 rei
890 1477 1010 1544 student,

160 1549 211 1606 sed
234 1551 368 1621 quidquid
391 1556 512 1622 possunt,
533 1553 708 1622 pedestribus
730 1554 822 1608 valent
842 1554 935 1622 copiis)
957 1571 1012 1623 quo

159 1627 265 1682 facilius
286 1626 463 1682 finitimorum
484 1631 646 1698 equitatum,
666 1632 689 1682 si
707 1630 856 1698 praedandi
876 1647 957 1683 causa
976 1629 1012 1682 ud

160 1721 207 1759 eos
219 1702 361 1769 venissent,
372 1705 545 1773 impedirent,
558 1706 662 1758 teneris
672 1705 815 1758 arboribus
826 1706 917 1759 incisis
929 1710 1011 1774 atque

159 1778 266 1833 inflexis
278 1779 380 1834 crebris
392 1782 420 1833 in
432 1781 606 1834 latitudinem
618 1782 701 1834 ramis
716 1784 803 1834 enatis
817 1787 846 1834 et
860 1782 936 1835 urbis
952 1798 1011 1835 sen-

158 1854 287 1923 tibusque
299 1856 449 1924 interjectis
469 1858 616 1911 effecerant
631 1862 663 1911 ut
677 1858 764 1924 ipstar
778 1858 849 1910 muri
866 1857 917 1912 bae
933 1875 1012 1927 sepes

159 1932 358 1986 munimentum
375 1932 548 1999 praeberent,
563 1949 616 1999 qno
632 1949 686 1985 non
700 1934 782 1986 modo
797 1935 901 1999 intrari,
914 1935 962 1987 sed
976 1951 1011 1987 ne

160 2007 278 2075 perspici
294 2007 406 2076 quidem
422 2011 523 2076 posset.
561 2009 614 2060 His
630 2009 713 2062 rebus
728 2026 811 2077 quum
828 2010 882 2061 iter
897 2009 1011 2076 agminis

159 2083 248 2136 nostri
260 2083 447 2151 impediretur,
459 2100 513 2137 non
525 2083 708 2138 omittendum
719 2084 770 2138 sibi
785 2084 925 2137 consilium
942 2084 1012 2138 Ner-

160 2158 198 2211 vii
209 2158 441 2213 existimaverimt.

215 2240 253 2289 18.
290 2234 355 2289 Loci
367 2238 466 2289 natura
478 2239 539 2288 erat
548 2235 621 2303 haee,
632 2253 713 2304 quem
723 2236 811 2289 locum
819 2238 906 2290 nostri
916 2237 1012 2291 cauus

160 2310 328 2378 delegerant.
374 2310 456 2365 (tollis
479 2312 515 2364 ab
539 2329 644 2365 summo
667 2313 820 2380 aequaliter
843 2312 953 2366 decliuis
976 2313 1012 2365 ad

162 2386 264 2442 flumen
281 2386 381 2453 Sabim,
394 2387 467 2454 quod
485 2392 567 2456 supra
580 2388 783 2453 nominavimus,
795 2388 932 2455 vergebat.
966 2389 1013 2441 Ab

161 2479 195 2516 eo
215 2461 326 2516 flumine
343 2463 403 2530 pari
422 2462 582 2516 adclivitatc
603 2463 679 2516 collis
699 2463 863 2517 nascebatur
882 2464 1013 2517 adversus

161 2538 225 2591 huic
236 2542 265 2592 et
277 2539 428 2592 contrarius
440 2554 535 2607 passus
548 2538 656 2593 circiter
668 2539 808 2605 ducentos,
817 2540 926 2592 infimus
935 2556 1013 2609 aper-

161 2617 216 2681 tus,
229 2614 263 2667 ab
276 2615 415 2682 superiore
427 2618 505 2682 parte
520 2614 652 2668 silvestris
668 2618 700 2667 ut
716 2631 770 2667 non
786 2616 865 2669 facile
880 2616 1014 2670 introrsus

162 2691 279 2759 perspici
295 2693 396 2760 posset.
432 2690 511 2743 Intra
527 2707 574 2743 eas
590 2690 671 2743 silvas
687 2690 779 2744 hostes
793 2692 821 2744 in
837 2692 942 2745 occulto
955 2709 1014 2745 sese

163 2765 354 2820 continebant:
377 2766 406 2819 in
427 2768 523 2834 aperto
543 2766 603 2819 loco
624 2766 772 2819 secundum
791 2767 891 2820 flumen
912 2784 1014 2836 paucae

164 2843 297 2896 stationes
317 2842 441 2909 equitum
460 2841 631 2897 videbantur.
668 2842 801 2896 Fluminis
818 2846 879 2897 erat
897 2843 1015 2896 altitudo

163 2916 266 2985 pedum
277 2918 385 2972 circiter
397 2918 490 2972 trium.
924 2929 929 2938 '

220 2999 257 3047 19.
296 2993 396 3047 Caesar
410 2995 536 3062 equitatu
554 2994 704 3062 praemisso
723 2993 942 3061 subsequebatur
959 3009 1013 3045 om·

163 3069 245 3124 nibus
255 3070 356 3141 copiis;
374 3070 423 3125 sed
433 3071 503 3125 ratio
512 3071 634 3141 ordoque
643 3070 759 3140 agminis
767 3071 848 3124 aliter
858 3087 887 3123 se
895 3069 1015 3123 habebat

136 3241 141 3247 1
164 3161 196 3202 ae
210 3145 312 3265 {elgae
324 3146 361 3200 ad
372 3146 490 3202 Nervios
501 3146 665 3201 detulerant.
702 3146 774 3199 Nam
785 3144 858 3212 quod
871 3144 907 3196 ad
921 3145 1014 3196 hostes
