2175 3409
476 114 588 161 urana
610 112 673 159 vn.
959 116 1003 161 141
1079 119 1080 182 y

157 197 243 264 bonis,
261 196 336 264 quod
359 210 393 248 ea
415 211 460 248 res
475 193 521 246 ad
542 190 643 245 multos
666 191 830 260 pertinebat,
855 195 890 247 et·
907 192 1007 247 timore

157 290 261 342 poenae
279 270 412 337 exterriti,
423 270 536 324 consilia
552 269 622 323 elam
636 269 672 323 de
690 269 762 323 bello
781 270 849 323 inire
868 270 1007 339 incipiunt

157 350 337 417 civitatesque
372 347 492 416 reliquas
527 344 709 414 legationibus
740 346 893 401 sollicitant.
932 348 1007 412 Quae

157 426 268 479 tametsi
298 424 399 478 Caesar
426 422 608 490 intelligebat,
635 426 728 477 tamen
755 439 837 492 quam
864 424 1008 476 mitissime

157 505 251 570 potest
269 501 376 569 legatos
395 499 531 569 appellat:
553 498 630 552 Nihil
651 515 681 553 se
700 503 815 568 propter
837 500 1007 554 inscientiam

158 578 354 646 levitatemque
370 576 444 644 vulgi
460 576 571 644 gravius
589 575 626 629 de
642 575 754 629 civitate
766 574 901 644 judicare,
918 593 1008 644 neque

159 652 194 707 de
206 670 255 707 sua
267 655 295 707 in
309 653 422 707 Aeduos
433 649 807 707 benevolentia‘demiuuere.
843 653 908 722 Ipse
923 653 1009 722 majo

158 745 217 783 rem
241 730 345 784 Galliae
363 732 467 782 motum
486 730 656 797 exspectans,
677 743 712 782 ne
732 728 768 781 ab
786 729 911 782 omnibus
934 730 1009 799 [civi-

159 804 273 874 tatibus]
285 805 540 871 circumsisteretur,
553 804 666 858 consilia
678 803 765 859 inibat
777 805 1007 874 quemadmodum

158 881 194 935 ab
218 882 353 950 Gergovia
376 879 533 934 discederet
556 896 587 933 ac
610 897 704 933 rursus
726 896 834 934 omnem
857 882 1007 935 exercitum

159 957 340 1024 contraheret,
362 974 398 1010 ne
420 956 555 1025 profectio
578 958 644 1009 nata
666 956 701 1009 ab
725 957 823 1010 timore
846 957 1007 1011 defectionis

160 1033 254 1087 similis
265 1035 347 1102 fugae
358 1033 505 1089 rideretur.

212 1115 253 1163 44.
289 1110 365 1164 Haec
381 1108 512 1177 cogitanti
526 1107 651 1163 accidere
669 1110 726 1162 visa
743 1113 787 1163 est
805 1110 921 1163 facultas
937 1110 1009 1165 bene

160 1185 298 1253 gesurdae
310 1186 358 1239 rei.
382 1185 468 1239 'Nam'
478 1202 563 1253 quum
575 1186 680 1238 minora
690 1185 720 1237 in
736 1188 827 1238 eastra
840 1186 931 1254 operis
946 1204 1009 1256 per-

161 1261 294 1330 spiciendi
313 1278 396 1316 causa
414 1262 542 1328 venisset,
562 1260 757 1315 animadvertit
775 1261 879 1328 collem,
904 1263 950 1331 qui
972 1263 1010 1317 ab

160 1337 285 1391 hostibus
296 1336 456 1405 tenebatur}
461 1338 595 1391 nudatum
602 1336 763 1404 hominibus,
770 1338 817 1405 qui
825 1339 1009 1406 superioribus

161 1411 257 1468 diebus
269 1414 395 1484 vixprae
411 1413 586 1468 multitudiue
603 1413 678 1467 cerni
694 1416 811 1483 poterat.
847 1414 1009 1469 Admiratus

160 1490 269 1560 quaerit
288 1507 322 1544 ex
341 1490 464 1560 perfugis
483 1506 600 1556 causam,
621 1505 737 1557 quorum
755 1506 869 1558 magnus
887 1491 923 1545 ad
947 1508 1009 1545 eum

160 1566 283 1634 quotidie
303 1582 433 1620 nanterus
449 1565 610 1620 confluebat
647 1566 797 1620 Constabat
816 1567 890 1621 inter
908 1584 1010 1644 omnes,

161 1642 235 1710 quod
253 1641 313 1710 jam
334 1642 395 1712 ipse
420 1642 521 1696 Caesar
543 1658 595 1710 per
622 1642 809 1711 exploratores
838 1648 1009 1711 cognoverat,

161 1717 271 1771 dorsum
288 1735 350 1773 esse
367 1717 428 1786 ejus
444 1716 507 1786 jugi
527 1734 614 1787 prope
631 1735 756 1787 aequum,
772 1719 822 1773 sed
839 1719 963 1774 silvestre
980 1724 1010 1774 et

161 1798 308 1861 angmtum
322 1811 376 1863 qua
391 1796 464 1848 esset
478 1793 570 1847 aditus
586 1795 623 1847 ad
640 1795 756 1849 alteram
776 1795 871 1865 oppidi
888 1800 1010 1864 partem:

161 1868 224 1924 huic
236 1869 295 1923 loco
308 1870 487 1924 vehementer
497 1869 559 1922 illos
570 1870 676 1937 timere,
684 1887 734 1924 nec
742 1870 802 1939 jam
809 1871 890 1925 aliter
899 1873 1009 1937 sentire,

161 1961 215 1998 uno
227 1945 296 1999 collo
313 1941 348 1999 'ab
368 1944 497 1999 Romanis
514 1950 655 2015 occupato,
673 1946 696 2000 si
713 1946 830 2000 alterum
848 1948 1010 2014 amisissent,

161 2021 227 2090 quin
240 2038 326 2090 paene
335 2020 531 2076 circumvallati
539 2024 623 2090 atque
632 2022 704 2076 omni
714 2022 790 2075 exitu
799 2025 829 2076 et
837 2021 1012 2091 pabulatione

161 2097 301 2151 interclusi
312 2097 485 2153 viderentur:
501 2097 621 2154 adhunc
634 2098 810 2151 muniendum
818 2099 905 2151 locum
918 2115 1012 2153 omnes

162 2189 179 2226 a
191 2172 415 2242 Vercingetorige
427 2177 561 2228 evocatos.

214 2255 254 2303 45.
292 2250 352 2303 Hac
364 2250 511 2318 recognita
520 2249 879 2319 Gaesarmittitcomplures
888 2249 1012 2319 equitum

106 2317 111 2327 '
162 2328 267 2379 turmas
279 2342 312 2379 eo
324 2325 359 2379 da
371 2325 462 2379 media
473 2329 569 2380 nocte:
583 2326 618 2378 iis
629 2326 748 2395 imperat
759 2328 792 2378 ut
805 2325 896 2394 paullo
912 2327 1013 2380 tumul-

162 2401 267 2460 tuosius
278 2401 403 2455 omnibus
414 2401 481 2456 locis
492 2400 739 2471 [perbagarentur.
773 2401 865 2455 Prima
871 2401 933 2456 luce
940 2420 1014 2471 mug-

161 2493 227 2530 num
241 2493 384 2531 numerum
396 2477 654 2547 impedimentorum
667 2494 702 2531 ex
714 2478 811 2532 castris
822 2478 1012 2548 mulorumque

162 2552 283 2623 produci
303 2569 374 2622 eque
390 2553 424 2606 iis
442 2556 595 2608 stramenta
612 2553 729 2622 detrahi,
746 2555 933 2624 mulionesque
950 2573 1012 2610 cum

162 2629 315 2683 cassidibus
337 2630 460 2698 equitum
481 2630 573 2700 specio
591 2646 623 2684 ac
642 2631 814 2686 simulatione
832 2632 945 2687 collibus
963 2633 1017 2687 eir-

164 2706 290 2759 cumvehi
305 2705 395 2773 jubet.
432 2705 486 2759 His
504 2722 604 2775 paucos
627 2706 707 2761 addit
731 2710 838 2778 equites
861 2709 908 2777 qui
931 2709 1014 2763 latius

166 2781 358 2835 ostentationis
370 2797 452 2836 causa
463 2786 635 2851 vagarentm
670 2784 763 2852 Longo
775 2785 891 2838 circuitu
902 2785 1013 2839 easdem

55 2901 58 2906 Δ
163 2873 258 2911 omnes
267 2857 351 2926 jubet
368 2860 465 2926 petere
482 2859 616 2926 regiones.
650 2860 728 2914 Haec
745 2861 838 2929 procul
859 2877 894 2915 ex
913 2860 1014 2929 oppido

164 2932 334 3002 uidebantur,
357 2936 390 2988 ut
413 2937 475 2989 erat
498 2952 515 2988 a
539 2935 675 3003 Gergovia
698 2936 845 3005 despectus
868 2937 896 2989 in
917 2940 1014 3001 castra,

164 3024 256 3077 neque
274 3012 353 3064 tanto
372 3011 460 3078 spatio
480 3012 550 3065 certi
569 3012 635 3079 quid
654 3015 727 3066 esset
746 3012 882 3080 explorari
897 3013 1014 3080 poterat.

164 3084 312 3153 Legionem
332 3102 414 3139 unam
435 3086 532 3141 eodem
553 3086 622 3155 jugo
645 3088 734 3142 mittit
757 3091 786 3141 et
808 3087 929 3156 paullum
952 3101 1015 3154 pro-

163 3177 286 3229 gressam
313 3163 443 3219 inferiore
468 3163 612 3219 constituit
640 3163 700 3217 loco
729 3162 859 3230 silvisque
888 3160 1013 3214 occultat.

213 3239 244 3285 12

1016 3314 1081 3383 A
