2175 3409
517 88 630 136 LIBER
646 89 668 136 1.
1003 95 1017 138 9

165 186 265 224 norum
275 168 392 237 imperia
403 168 541 237 perierr03
554 184 643 236 neque
655 167 783 223 dubitare
794 166 929 223 debeantl
945 169 1018 238 quin,

167 247 191 299 si
218 245 363 299 Helvetios
391 243 579 309 superaverint
604 244 727 312 Romani,
751 261 805 297 ursa
828 261 889 299 cum
913 246 1018 314 reliqua

168 321 257 375 Gallia
283 319 388 374 Aeduis
413 319 570 373 libertatem
599 321 653 373 sint
677 321 804 388 erepturi
842 320 888 375 Ab
912 322 1017 376 eisdem

167 400 262 450 nostra
284 396 395 449 consilia
417 411 541 464 quaeque
563 395 592 449 in
615 396 713 449 castris
735 400 867 464 gerantur
892 396 1017 451 hostibus

167 472 319 526 enuntiari:
344 471 394 525 hos
415 488 432 524 a
452 488 482 525 se
505 472 623 525 coerceri
646 487 700 525 non
720 488 807 540 posse.
844 473 1017 537 Quinetiam

167 549 242 616 quod
260 548 412 601 necessario
427 564 486 602 rem
505 551 617 601 coactus
638 548 748 601 Caesari
766 548 922 614 enuntiarit,
938 547 1018 601 intel·

167 625 253 692 ligere
272 640 332 678 sese
351 627 452 692 quanto
470 624 501 678 id
519 640 581 677 cum
600 623 720 693 periculo
739 623 843 691 fecerit,
859 627 888 678 ct
903 623 940 677 cb
956 640 1017 679 eam

168 717 276 753 causam
288 716 369 767 quam
381 700 429 753 diu
440 701 562 768 potuerit
574 700 698 753 tacuisse.

223 782 261 830 18.
293 776 393 830 Cacsar
404 775 584 836 hacoratione
596 776 668 829 Lisci
680 775 874 843 Dumnorigem
891 776 1017 830 Divitiaci

167 852 282 906 fratrem
299 851 434 919 designari
451 852 595 919 sentiebat,
606 851 656 906 sed
667 850 741 919 quod
752 850 876 919 pluribus
889 868 1017 921 praesen·

24 935 27 946 “
68 997 71 1001 Δ
168 928 298 981 tibuscas
313 944 358 982 res
366 928 466 995 jactari
478 927 595 994 nolebat,
603 927 730 981 celeriter
741 928 882 981 concilium
891 928 1016 994 dimittit,

162 1004 278 1057 *Liscum
298 1004 414 1058 retinet:
439 1003 547 1070 quaerit
566 1019 601 1056 ex
621 1002 677 1056 solo
697 1019 819 1071 eaquae
837 1004 865 1056 in
883 1007 1017 1057 conventu

169 1079 284 1132 dixerat.
320 1079 394 1132 Dicit
405 1079 516 1132 liberius
528 1082 612 1147 atque
623 1078 758 1132 audacius.
795 1078 898 1132 Eadem
910 1083 1016 1133 secreto

169 1155 204 1208 ab
223 1155 281 1209 aliis
299 1156 422 1222 quaerit3
439 1156 542 1224 reperit
561 1171 621 1208 esse
641 1170 721 1208 vera:
740 1154 835 1223 Ipsum
853 1170 913 1207 esse
933 1154 1017 1207 Dum·

169 1232 297 1298 norigem,
314 1247 419 1285 summa
436 1230 556 1297 audacia,
572 1246 671 1297 magna
686 1229 759 1298 apud
777 1228 886 1297 plebem
904 1232 1017 1298 propter

169 1306 361 1361 liberalitatem
369 1308 466 1375 gratia,
473 1306 602 1376 cupidum
610 1323 702 1360 rerum
711 1321 853 1359 novarum:
865 1305 1017 1374 complures

63 1391 71 1406 ⁴
168 1399 253 1436 annos
272 1375 393 1456 portoria
410 1382 568 1451 reliquaque
588 1382 678 1435 omnia
697 1381 857 1435 Aeduorum
875 1381 1018 1449 vectigalia

169 1475 252 1527 parvo
280 1458 369 1527 pretio
396 1459 540 1527 redempta
567 1458 675 1527 babere,
698 1462 844 1527 propterea
872 1458 944 1526 quod
971 1457 1016 1511 illo

68 1557 73 1568 ·
169 1527 269 1588 licenti
287 1537 382 1588 contra
397 1533 593 1588 liceriaudcat
608 1551 695 1589 nemo.
732 1533 785 1587 His
801 1533 883 1588 rebus
899 1536 928 1587 et
940 1549 1016 1586 suam

170 1627 228 1664 rem
251 1610 411 1663 familiarem
434 1610 542 1664 auxisse
566 1613 596 1664 et
618 1611 763 1664 facultates
786 1610 823 1664 ad
846 1608 1016 1678 largiendum

169 1703 281 1754 magnas
300 1701 487 1754 comparasse3
504 1703 632 1754 magnum
650 1703 792 1740 numerum
812 1686 950 1754 equitatus
969 1700 1017 1738 suo

171 1765 280 1830 sumptu
297 1777 404 1828 semper
420 1761 494 1815 alere
511 1766 539 1815 et
555 1763 655 1816 circum
668 1778 697 1815 se
708 1760 818 1828 habere,
831 1777 918 1830 neque
931 1760 1017 1814 solum

71 1872 77 1883 ·
171 1836 244 1890 domi
262 1837 408 1891 sedetiam
424 1837 498 1906 apud
517 1837 645 1891 finitimas
661 1838 786 1891 civitates
802 1836 915 1904 largiter
930 1852 1017 1905 posse,

170 1916 254 1981 atque
280 1912 362 1980 hujus
385 1913 523 1981 potentiae
547 1930 629 1967 causa
651 1916 767 1967 matrem
794 1913 823 1965 in
848 1911 1018 1981 Biturigibus

170 1988 272 2042 homini
284 1988 339 2042 illic
351 1989 515 2042 nobilissimo
528 2005 560 2042 ac
570 1989 759 2057 potentissimo
768 1988 919 2055 collocasse,
929 1988 1017 2057 ipsum

170 2080 205 2117 ex
218 2063 353 2117 Helvetiis
361 2081 474 2118 uxorem
486 2065 594 2132 habere,
603 2081 723 2119 sororem
735 2082 769 2119 ex
777 2069 866 2119 matre
874 2067 903 2118 et
912 2064 1019 2133 propin·

170 2157 239 2208 quas
256 2156 319 2193 suas
332 2144 450 2209 nuptum
467 2141 496 2194 in
513 2140 580 2194 alias
597 2142 720 2196 civitates
732 2141 881 2195 collocasse·
913 2140 1019 2193 Favere

66 2243 81 2266 e
171 2219 200 2271 et
211 2213 312 2285 cupere'
320 2215 455 2271 Helvetiis
466 2221 580 2286 propter
591 2234 652 2271 eam
661 2217 828 2284 affinitatem,
836 2216 927 2270 odisse
935 2216 1019 2270 etiam

171 2309 219 2345 suo
230 2292 339 2346 nominc
351 2293 494 2347 Caesarem
508 2297 537 2347 et
553 2294 689 2346 Romanos
703 2291 776 2361 quod
792 2309 885 2345 eorum
899 2292 1020 2345 adventu

171 2369 296 2436 potentia
307 2367 366 2436 ejus
379 2368 521 2422 deminuta
532 2372 562 2423 et
575 2368 725 2421 Divitiacus
736 2368 823 2420 frater
834 2367 862 2419 in
878 2368 1019 2434 antiquum

171 2442 259 2496 locum
282 2444 387 2512 gratiae
410 2447 494 2512 atque
517 2443 626 2497 honoris
650 2443 686 2496 sit
709 2442 860 2495 restitutus.
897 2441 926 2495 si
954 2442 1020 2510 quid

171 2518 277 2572 accidat
292 2519 429 2587 Romanis,
441 2535 574 2572 summam
587 2520 615 2572 in
632 2535 708 2587 spem
722 2534 772 2586 per
789 2516 932 2571 Helvetios
944 2519 1021 2585 regni

171 2593 312 2648 obtinendi
325 2596 435 2661 venire;
452 2595 567 2664 imperio
581 2594 674 2664 populi
689 2594 803 2647 Romani
817 2610 870 2647 non
886 2593 968 2648 modo
985 2593 1020 2647 de

171 2686 255 2738 regno
275 2670 325 2724 sed
345 2672 427 2725 etiam
444 2672 480 2725 de
499 2687 532 2725 ea
548 2688 629 2741 quam
644 2670 745 2725 habeat
760 2671 849 2739 gratia
866 2671 1019 2739 desperare.

173 2745 340 2815 Reperiebat
356 2748 439 2801 ctiam
455 2748 482 2801 in
499 2747 654 2816 quaerendo
676 2747 781 2813 Cacsar,
798 2747 871 2814 quod
887 2747 1020 2816 proelium

172 2825 300 2888 equestre
323 2822 476 2878 adversum.
493 2825 586 2893 paucis
609 2827 673 2877 ante
696 2824 793 2877 dicbus
817 2826 891 2877 esset
911 2823 1021 2884 factum,

171 2899 279 2952 rnrtium
304 2898 364 2966 ejus
391 2899 472 2967 fugae
495 2900 598 2953 factum
620 2916 636 2952 a
660 2900 826 2966 Dumnorige
851 2902 933 2967 atquc
961 2898 1021 2965 ejus

173 2972 326 3041 equitibus3
349 2992 411 3029 narn
431 2977 564 3043 equitatui
582 2991 663 3043 quem
682 2976 781 3028 auxilio
801 2975 910 3027 Caesari
930 2974 1021 3027 Aedui

174 3049 305 3102 miserant
317 3050 467 3102 Dumnorix
479 3052 620 3117 praeerat;
634 3066 729 3124 eorum
740 3050 805 3114 iuga
816 3049 949 3114 reliquum
961 3062 1022 3098 esse

173 3124 325 3190 equitatum
337 3124 521 3192 perterritum.
