2175 3409
487 115 597 165 LIBER
613 115 678 165 Vn,
970 120 1017 168 149

164 193 228 254 atur
239 204 372 269 quantum
383 220 467 259 naves
477 199 681 272 processissent,
691 196 812 267 reliquas
820 198 913 267 copias
920 201 1019 254 eontra

165 276 315 331 Labienum
327 279 474 334 duxerunt.

216 359 257 409 62.
292 355 386 410 Prima
409 357 469 410 luce
485 357 515 409 et
529 351 618 407 nostri
632 367 727 406 omnes
742 354 822 408 crant
836 353 1019 422 transportati

164 434 194 484 ot
217 431 336 485 bostium
354 434 425 487 acies
442 431 613 486 cernebatur.
650 428 787 482 Labienus
804 429 906 483 milites
923 429 1019 483 cohor-

164 510 240 561 tatus
251 511 284 561 ut
296 524 361 563 suae
372 508 505 579 pristinae
517 505 630 560 virtutis
641 508 671 559 et
682 503 748 573 [tot]
759 504 1018 577 secundissimorum

165 584 329 652 proeliorum
340 586 499 639 memoriam
510 582 673 647 retinerent,
682 586 766 650 atque
774 581 863 649 ipsum
873 583 1018 638 Gaesarem

68 671 71 676 ’
164 660 242 729 cujus
260 661 346 715 ductu
363 676 559 730 saepenumero
576 659 670 712 hostes
687 663 864 728 superassent
880 659 1018 730 [praescu-

164 735 234 805 tem]
258 737 354 792 adesse
378 738 574 802 existimarent,
592 735 642 790 dat
659 735 766 803 signum
784 737 889 805 proelii.
925 738 1018 793 Primo

164 829 295 867 concursu
307 814 342 867 ab
355 812 455 868 dextro
466 830 558 880 cornu,
569 812 617 866 ubi
629 812 747 880 septima
760 813 831 881 legio
847 813 1018 879 constiterat,

164 889 257 944 hostes
268 891 408 959 pelluntur
423 893 508 959 atque
522 890 551 943 in
566 890 659 958 fugam
675 889 870 958 conjiciuntur:
887 888 923 942 ab
942 889 1019 943 sinis

165 969 216 1032 tro,
231 982 312 1034 quem
324 967 414 1020 locum
433 965 594 1021 duodecima
610 966 682 1034 legio
695 964 816 1034 tenebat,
833 982 919 1034 quum
936 965 1018 1035 primi

164 1043 274 1096 ordines
285 1043 404 1097 hostium
416 1043 542 1099 transfixi
554 1042 616 1112 pilis
628 1042 818 1109 concidissent,
833 1045 926 1096 tamen
943 1058 1018 1096 accr-

164 1120 234 1172 rime
258 1120 355 1189 reliqui
378 1119 551 1184 resistebant,
569 1136 621 1173 nec
638 1119 723 1173 dabat
740 1119 919 1187 suspicionem
936 1118 1018 1187 iugne

164 1196 317 1264 quisquam.
353 1197 418 1264 Ipse
430 1195 487 1249 dux
498 1196 620 1250 hostium
633 1195 833 1263 Camulogenus
849 1195 905 1248 suis
920 1195 1018 1249 aderat

163 1275 248 1340 atque
260 1288 307 1325 eos
319 1271 520 1327 cohortabatur.
558 1273 669 1326 Incerto
685 1271 769 1325 etiam
785 1288 857 1326 nunc
874 1272 952 1325 exitu
965 1272 1018 1325 vic-

163 1348 259 1414 toriae,
272 1365 356 1417 quum
369 1350 501 1418 septimae
512 1348 629 1417 legionis
640 1347 758 1401 tribunis
770 1351 843 1402 esset
858 1349 1017 1402 nunciatum

163 1441 235 1493 quae
247 1425 276 1477 in
288 1426 397 1479 sinistro
411 1442 495 1479 cornu
506 1425 678 1494 gererentur,
694 1427 758 1493 post
772 1428 881 1492 tergum
897 1424 1017 1478 hostium

163 1501 298 1569 legionem
311 1503 493 1556 ostenderunt
508 1501 641 1569 signaque
657 1500 818 1555 intulerunt.
853 1501 896 1555 Ne
911 1518 944 1555 eo
960 1503 1018 1570 qui-

53 1632 55 1639 ,
116 1643 126 1656 ,
163 1577 226 1631 dem
249 1580 374 1647 tempore
398 1577 544 1647 quisquam
568 1576 626 1630 loco
650 1577 739 1645 cessit,
764 1577 814 1631 sed
841 1577 1018 1633 circumventi

163 1670 258 1708 omnes
269 1653 463 1722 interfectique
470 1656 541 1707 sunt.
561 1652 684 1707 Eandem
695 1654 834 1707 fortunam
847 1654 913 1708 tulit
922 1654 1019 1709 Camu-

163 1730 283 1798 logenus.
314 1732 356 1784 At
366 1730 386 1783 ii
399 1731 447 1799 qui
458 1730 597 1798 praesidio
609 1733 706 1784 contra
714 1734 805 1784 castra
815 1730 930 1784 Labieni
939 1734 1019 1786 erant

162 1805 260 1875 relicti,
278 1824 361 1876 quum
382 1807 517 1876 proelium
535 1808 710 1860 commissum
727 1807 875 1874 audissent,
896 1807 1019 1862 subsidio

163 1883 220 1937 suis
235 1884 327 1938 ienmt
343 1884 494 1953 collemque
510 1888 650 1952 ceperunt,
667 1900 756 1952 neque
774 1887 930 1937 nostrorum
949 1885 1019 1939 mili-

162 1962 223 2013 turn
246 1960 381 2015 victorum
397 1961 531 2029 impetum
549 1962 684 2015 sustinere
700 1963 856 2029 potuerunt.
893 1960 938 2015 Sic
955 1978 1018 2015 cum

163 2036 218 2090 suis
241 2036 409 2105 fugientibus
425 2038 649 2107 permixtiones
672 2052 727 2089 nou
751 2036 833 2089 silvae
856 2039 1018 2105 montesque

162 2115 300 2181 texerunt,
312 2113 348 2168 ab
359 2114 486 2183 equitatu
498 2117 562 2167 sunt
573 2113 718 2167 interiecti.
755 2112 817 2165 Hoc
831 2111 942 2179 negotio
955 2128 1017 2166 con·

162 2188 243 2257 lecto,
256 2189 393 2244 Labienus
404 2190 554 2244 revertitur
570 2189 742 2258 Agendicum
758 2186 806 2240 ubi
822 2186 1018 2254 impedimento

162 2265 249 2320 totius
261 2266 397 2321 exercitus
408 2266 505 2320 relicta
519 2268 611 2321 erant:
629 2265 695 2319 inde
712 2280 774 2318 cum
790 2261 917 2317 omuibus
933 2263 1018 2333 copiis

162 2341 200 2395 ad
213 2342 358 2397 Caesarem
371 2342 503 2411 pervenit.
636 2345 651 2361 ”·

215 2424 256 2473 63.
293 2419 452 2472 Defectione
470 2418 631 2473 Aeduorum
647 2417 755 2485 cognita
770 2416 872 2470 bellum
891 2419 1017 2484 augetur.

164 2494 327 2562 Legationes
338 2496 365 2548 in
378 2511 472 2548 omnes
488 2498 582 2563 partes
598 2494 864 2547 circummittuntur:
884 2495 1017 2561 qnantum
1035 2489 1037 2492 ’

162 2570 259 2639 gratio,
271 2571 444 2637 auctoritate,
455 2570 571 2640 pecunia
584 2570 683 2637 valent,
699 2568 736 2623 ad
752 2569 937 2628 sollicitandas
954 2569 1018 2623 civi-

102 2666 104 2670 *
162 2649 236 2701 tates
258 2648 391 2702 nituntur.
427 2647 509 2702 Nacti
532 2646 650 2712 obsides,
669 2662 738 2715 quos
759 2646 862 2700 Caesar
878 2644 953 2716 apud
971 2661 1018 2700 eos

163 2723 335 2792 deposuerat,
351 2725 450 2779 borum
469 2724 601 2793 supplicio
618 2723 778 2777 dubitantes
795 2722 932 2777 territant.
969 2723 1019 2776 Pe

162 2802 226 2853 tunt
238 2816 255 2853 a
268 2800 492 2873 Vercingetorige
505 2800 598 2855 Aedui
609 2804 642 2855 ut
654 2801 690 2854 ad
703 2817 732 2855 se
742 2800 835 2853 ueniat
843 2800 1018 2867 rationesque

162 2875 227 2929 belli
239 2877 353 2945 gerendi
365 2878 552 2933 comnnmicet.
591 2878 634 2932 Re
644 2878 793 2946 impetrata
804 2874 974 2929 contendunt
985 2877 1018 2927 ut

163 2953 229 3021 ipsis
253 2970 359 3007 summa
376 2955 484 3023 imperii
501 2956 645 3020 tradatur3
662 2958 692 3008 et
709 2970 740 3007 re
758 2955 786 3007 in
805 2950 1018 3007 controversiam

163 3028 283 3083 deducta
306 3032 392 3086 totius
420 3032 525 3086 Galliac
553 3025 852 3087 concilinm'Bibracte
879 3027 1016 3081 indicitur.

163 3104 335 3161 Conveniunt
347 3108 469 3176 undique
480 3109 647 3177 frequentes.
683 3104 870 3160 Multitudinis
883 3101 1017 3167 suffragiis

162 3195 207 3233 res
219 3182 405 3249 permittitur:
423 3182 459 3236 ad
476 3198 559 3235 unum
576 3197 671 3235 omnes
688 3177 941 3246 Vercingetorigem
956 3191 1016 3241 pro

1006 3309 1080 3367 Δ
