2175 3409
130 881 131 884 ¹
164 856 276 912 Gannra
292 859 335 912 est
352 857 439 910 omnis
457 850 553 910 divisa·
561 856 590 932 in
606 859 700 925 partes
717 859 783 922 tres,
797 873 913 926 quarum
930 873 1013 911 unam

161 933 284 987 incolunt
303 933 413 1001 Belgae,
433 932 514 985 aliam
534 932 676 1000 Aquitani,
695 932 807 985 tertiam
826 932 873 1001 qni
892 933 1012 1001 ipsorum

161 1008 254 1076 lingua
263 1008 364 1075 Celtae,
372 1012 466 1062 nostra
476 1008 548 1062 Galli
560 1007 738 1075 appellantur.
758 1007 796 1059 Hi
808 1023 901 1061 omnes
912 1008 1012 1076 lingua,

161 1083 303 1150 institutis,
312 1083 418 1151 legibus
430 1086 503 1137 inter
515 1100 544 1136 se
557 1082 695 1136 dillenmt.
721 1082 813 1137 Gallos
821 1083 857 1136 ab
865 1084 1013 1152 Aquitanis

162 1159 303 1232 Garumna
320 1159 428 1225 flumen,
441 1176 458 1212 a
475 1159 569 1227 Belgis
587 1158 715 1212 Matrona
726 1161 756 1212 et
768 1157 895 1226 Sequana
908 1157 1015 1211 dividit.

162 1236 271 1288 Horum
284 1236 403 1288 omnium
416 1235 558 1289 fortissimi
571 1237 635 1288 sunt
653 1234 762 1302 Belgae,
776 1237 924 1303 propterea
944 1233 1018 1302 quod

101 1338 104 1342 v
128 1311 132 1319 ’
161 1327 179 1363 a
190 1311 265 1364 cultu
278 1314 361 1379 atque
376 1310 547 1364 humanitate
562 1311 715 1379 provinciae
734 1309 890 1377 longissime
909 1308 1017 1376 absunt,

162 1385 326 1455 minimeque
343 1386 381 1439 ad
398 1403 445 1440 eos
464 1390 629 1441 mercatores
649 1403 730 1454 saepe
756 1389 909 1440 commeant
933 1389 1017 1455 atque

162 1478 195 1516 ea
212 1479 283 1530 quae
301 1463 338 1516 ad
356 1462 552 1518 effeminandos
569 1464 674 1517 animos
690 1463 831 1532 pertinent
850 1461 1018 1531 important;

161 1538 332 1607 proximique
343 1543 408 1592 sunt
421 1532 572 1606 Germanis,
587 1539 635 1608 qui
648 1543 725 1592 trans
741 1538 867 1591 Rhenum
888 1537 1016 1604 incolunt,

162 1612 322 1682 quibuscum
341 1615 512 1668 continenter
532 1613 634 1667 bellum
660 1618 776 1681 gerunt:
804 1613 913 1683 quade
936 1629 1017 1667 eausa

163 1689 285 1742 Helvetii
293 1706 403 1759 qnoque
411 1690 530 1760 reliquos
540 1690 632 1744 Gallos
642 1691 745 1743 virtute
755 1689 932 1759 praecedunt,
942 1688 1017 1758 quod

161 1764 219 1819 fere
228 1764 393 1833 quotidianis
402 1766 511 1834 proeliis
520 1783 582 1820 eum
591 1765 735 1820 Germanis
744 1765 921 1832 contendunt,
930 1780 1015 1832 quum

52 1841 55 1845 “
162 1843 210 1893 aut
226 1840 282 1893 suis
298 1840 396 1893 finibus
413 1858 459 1895 eos
475 1842 631 1912 prohibent,
642 1845 692 1896 aut
703 1841 755 1911 ipsi
766 1842 795 1894 in
808 1857 901 1895 eorum
915 1839 1015 1893 finibus

161 1914 264 1969 bellum
275 1919 382 1983 gerunt.
419 1917 521 1971 Eorum
532 1935 668 1986 unapars,
683 1934 766 1987 quam
780 1916 872 1971 Gallos
889 1915 1015 1970 obtinere

75 2002 78 2009 ·
162 1990 265 2044 dictum
278 1994 328 2057 est,
336 1991 445 2045 initium
457 1994 529 2060 capit
541 2010 558 2045 a
570 1993 680 2046 flumine
694 1992 842 2058 Rhodan03
858 1992 1015 2046 continetur

163 2066 302 2121 Garumna
319 2066 436 2135 flumine,
457 2067 572 2134 Oceano,
592 2069 691 2122 finibus
711 2068 876 2136 Belgarum
900 2067 1013 2135 attingit

56 2161 60 2167 ⁴
162 2139 245 2195 etism
260 2141 295 2194 ab
309 2142 440 2210 Sequanis
453 2145 482 2196 et
495 2143 631 2197 Helvetiis
645 2145 746 2199 flumen
762 2144 906 2208 Rhenum;
923 2142 1012 2214 pergit

87 2268 90 2274 .
161 2216 198 2271 ad
217 2218 435 2286 septemtriones.
472 2218 575 2287 Belgae
590 2220 625 2273 ab
642 2219 773 2275 extremis
791 2219 895 2274 Galliae
912 2217 1012 2271 finibus

162 2289 305 2357 oriuntur;
340 2294 479 2360 pertinent
506 2295 542 2347 ad
570 2295 725 2350 interiorem
754 2299 861 2363 partem
892 2293 1011 2346 fluminis

164 2368 271 2432 ereni3
289 2371 414 2436 spectant
431 2369 459 2423 in
478 2372 702 2440 septemtrionem
720 2373 750 2423 et
768 2369 902 2423 orientem
919 2368 1012 2422 solem.

163 2443 314 2512 Aquitania
328 2459 345 2496 a
362 2444 500 2498 Garumna
515 2446 626 2498 flumine
644 2445 680 2498 ad
697 2446 850 2513 Pyrenaeos
864 2447 970 2499 montes
982 2447 1012 2497 et

162 2534 222 2573 eam
241 2521 347 2586 partem
367 2520 468 2573 Oceani
487 2537 557 2588 quae
577 2522 620 2573 est
638 2520 674 2572 ad
693 2518 854 2587 Hispaniam
873 2519 1012 2588 pertinet;

163 2596 270 2663 spectat
282 2593 355 2647 inter
367 2611 490 2648 oceasum
504 2594 567 2648 solis
580 2597 609 2648 et
621 2594 839 2664 septemtriones.

213 2674 237 2723 2.
273 2669 358 2738 Apud
371 2670 514 2725 Helvetios
525 2670 606 2738 longe
617 2671 799 2726 nobilissimus
805 2671 858 2725 fuit
870 2673 899 2725 et
911 2670 1012 2725 ditissi-

162 2761 222 2799 mus
246 2744 401 2812 Orgetorix.
439 2747 468 2800 Is
493 2746 530 2801 M.
557 2748 676 2802 Messala
699 2751 728 2802 et
752 2749 790 2801 M.
812 2749 911 2801 Pisone
936 2748 1010 2800 Coss.

162 2821 238 2888 regni
250 2820 401 2889 eupiditate
413 2822 540 2876 inductus
553 2824 768 2892 conjurationem
780 2821 932 2877 nobilitatis
938 2821 1012 2887 fecit,

162 2899 191 2949 et
209 2895 314 2950 civitati
333 2899 469 2966 persuasit
488 2900 521 2950 ut
540 2898 575 2951 de
599 2900 698 2952 linibus
722 2900 778 2951 suis
802 2914 863 2951 eum
887 2896 1012 2951 omnibus

163 2972 247 3041 copiis
268 2970 393 3037 exirent;
411 2972 538 3041 perfacile
559 2990 626 3038 esse,
651 2990 735 3040 quum
760 2974 864 3025 virtute
888 2970 1012 3025 omnibus

162 3050 342 3116 praestarent,
351 3047 436 3100 totius
447 3046 551 3099 Galliae
563 3048 678 3113 imperio
690 3048 779 3113 potiri.
802 3047 838 3100 Id
849 3047 900 3098 hoc
907 3045 1012 3098 facilius

163 3124 203 3176 eis
219 3122 357 3191 persuasit
375 3120 449 3188 quod
467 3119 588 3186 undique
605 3120 657 3173 loci
674 3124 772 3172 natura
791 3119 912 3172 Helvetii
928 3115 1013 3167 eonti-

164 3201 279 3252 nentur:
295 3212 350 3248 una
371 3197 504 3292 exparte
521 3193 634 3274 llrrnrine
655 3195 758 3256 Rheno,
777 3192 911 3245 latissimo
930 3192 1014 3251 atque
