2175 3409
90 146 122 193 82
342 142 370 190 Ο.
387 141 407 191 J
409 141 488 192 ULII
506 138 680 190 CAESARIS

89 222 153 281 rant
164 218 265 275 aemilia
276 218 467 286 discesserunt,
478 236 567 289 neque
578 223 642 289 post
652 218 682 274 id
694 220 803 289 tempus
813 231 942 290 umquam

89 296 202 350 surmmis
213 295 353 349 nobiscum
365 295 448 364 copiis
460 294 554 349 hostes
564 295 771 349 contendenmt.

144 379 185 428 la.
222 371 441 439 Gaesarcognito
453 371 718 426 consilieeorumad
734 372 834 425 flumen
848 372 943 426 Tame-
999 381 1007 394 '

90 447 173 503 sinin
184 448 252 501 fines
269 446 464 502 Cassivellauni
478 446 633 506 exercitum
649 447 736 514 duxit,
753 447 827 514 quod
843 448 943 501 flumen

90 539 144 576 uno
160 523 268 577 omnino
283 523 342 577 loco
361 523 478 592 pedibus
496 525 580 591 atquc
599 523 650 576 hoc
668 539 750 591 aegre
769 523 878 577 transiri
896 539 944 591 po

90 603 155 654 test
191 598 231 654 Eo
250 616 333 669 quum
351 599 478 668 venisset,
496 600 618 667 animum
636 598 757 653 advertit
774 597 811 652 ad
827 599 943 653 alteram

90 674 208 729 fluminis
223 676 312 744 ripam
326 691 438 743 magma
456 691 517 729 esse
533 674 626 743 copias
644 675 763 729 hostium
780 674 941 730 instructas:
992 677 1000 692 “

90 752 152 820 ripa
174 753 267 805 autem
290 755 350 805 erat
373 751 460 806 acutis
488 750 600 804 sudibus
623 750 807 819 praefixisquo
829 751 941 819 munita,

91 826 268 895 ejusdemque
279 826 388 895 generis
401 825 452 880 sub
466 842 539 896 aqua
554 826 662 880 defixae
678 826 760 880 sudes
775 826 886 880 flumine
900 830 942 881 be-

90 902 231 972 gebantur.
271 903 325 956 His
348 901 430 956 rebus
453 902 569 970 cognitis
589 918 606 955 a
626 902 743 971 captivis
765 902 941 971 perfugisque

92 978 191 1033 Caesar
207 979 356 1047 praemisso
375 978 500 1046 equitatu
515 978 658 1033 confestim
677 978 797 1046 legiones
813 977 941 1046 subsequi

86 1054 179 1124 jussit.
213 1054 312 1109 Sedes
320 1054 462 1108 celeritate
473 1057 558 1124 atque
570 1071 603 1108 eo
614 1054 719 1123 impetu
730 1054 832 1109 milites
842 1055 941 1123 ienmt,

92 1131 276 1199 quum'capite
288 1130 344 1183 solo
356 1145 392 1183 ex
402 1145 474 1198 aqua
489 1132 637 1197 exstarent,
654 1133 686 1183 ut
701 1129 793 1184 hostes
808 1131 941 1200 impetum

90 1206 228 1274 legionum
239 1209 324 1275 atquc
335 1205 459 1275 equitum
472 1205 608 1259 sustinere
621 1221 673 1259 non
688 1205 800 1273 possent
813 1205 942 1274 ripasque

91 1281 264 1336 dimitterent
274 1298 307 1335 ac
319 1298 349 1335 se
360 1282 441 1349 fugae
453 1282 623 1335 mandarent.
762 1273 777 1303 ⁶

144 1363 183 1412 19.
220 1356 444 1425 Cassivellaunus,
458 1360 491 1411 ut
506 1372 590 1425 supra
605 1357 857 1425 demonstravimus,
869 1358 941 1412 omni

92 1433 217 1502 deposita
235 1448 284 1500 spe
304 1432 494 1500 contentionis,
516 1433 636 1486 dimissis
654 1432 830 1500 amplioribus
849 1433 941 1501 copiis,

91 1508 202 1563 milibus
217 1507 328 1562 circiter
343 1522 373 1561 1v
390 1507 589 1561 essedariorum
606 1507 716 1574 relictis,
732 1508 831 1562 itinera
848 1512 944 1562 nostra

92 1583 219 1646 servabat
229 1583 394 1651 paulumque
407 1600 441 1637 ex
453 1584 497 1636 via
505 1582 665 1650 excedebat,
674 1583 794 1652 locisque
803 1583 944 1651 impeditis

92 1677 124 1715 ac
136 1658 305 1713 silvestribus
317 1675 378 1713 sese
390 1658 551 1727 occultabat,
564 1661 648 1727 atque
660 1659 694 1711 iis
710 1659 872 1727 regionibus,
885 1660 944 1727 qui-

92 1736 144 1790 bus
155 1751 204 1789 nos
219 1734 273 1788 iter
288 1735 409 1788 facturos
425 1738 596 1803 cognoverat,
607 1751 708 1804 pecora
723 1738 805 1804 atque
820 1734 944 1789 homines

93 1829 126 1865 ex
140 1810 213 1878 agris
224 1810 252 1864 in
265 1810 345 1864 silvas
358 1809 539 1880 compellebat
546 1831 554 1876 ;
566 1813 595 1864 et
606 1827 689 1879 quum
701 1811 840 1879 equitatus
850 1814 944 1864 noster

93 1886 205 1941 liberius
215 1885 367 1955 praedandi
383 1885 564 1954 vastandique
579 1903 660 1939 causa
675 1903 705 1940 se
721 1887 749 1939 in
764 1886 942 1953 agros'effim·

93 1963 179 2029 deret,
192 1961 317 2016 omnibus
328 1961 380 2016 viis
391 1962 465 2016 notis
477 1962 637 2029 semitisque
649 1962 801 2016 essedarios
819 1978 855 2016 ex
870 1962 945 2016 silris

93 2037 239 2093 emittebat
258 2040 288 2091 et
305 2054 404 2106 magno
422 2054 484 2092 cum
504 2037 625 2106 periculo
646 2042 801 2092 nostrorum
820 2039 944 2107 equitum

93 2131 155 2169 cum
166 2114 201 2167 iis
212 2113 381 2181 confligebat,
394 2118 478 2183 atquc
489 2113 540 2168 hoc
556 2118 633 2168 metu
648 2114 731 2167 latius
747 2114 840 2182 vagari
854 2113 960 2182 prohi-'

92 2190 185 2245 bebat.
220 2189 438 2259 Relinquebatur
464 2194 496 2243 ut
524 2206 613 2258 neque
640 2190 747 2258 longius
774 2188 810 2243 ab
837 2189 945 2256 agmine

93 2267 230 2335 legionum
249 2264 354 2320 discedi
374 2266 474 2320 Caesar
489 2267 640 2335 pateretur,
653 2270 683 2320 et
700 2267 809 2319 tantum
828 2265 856 2317 in
871 2265 946 2332 agris

94 2342 234 2397 vastandis
264 2341 452 2410 incendiisque
466 2340 611 2395 ¹faciendis
642 2340 768 2395 hostibus
781 2342 945 2407 noceretur,

94 2421 227 2487 quantum
238 2416 332 2471 labore
348 2421 431 2486 atque
447 2417 547 2471 itinere
565 2416 705 2485 legionarii
721 2416 823 2470 milites
839 2415 946 2470 efficere

96 2477 101 2504 v

93 2496 341 2617 pozbintinterim
362 2561 553 2629 Trinobantes,
572 2578 657 2632 prope
677 2561 832 2616 firmissima
852 2577 946 2616 earum

94 2638 238 2706 regionum
249 2638 352 2704 civitas,
365 2652 400 2691 ex
412 2654 467 2706 qua
478 2637 689 2693 Mandubratius
704 2637 863 2691 adolescens
879 2637 947 2691 an-

93 2714 164 2768 saris
183 2714 267 2769 fidem
291 2716 401 2772 secutus
425 2713 462 2767 ad
485 2729 548 2767 cum
571 2713 600 2767 in
623 2713 808 2781 continentem
832 2711 947 2766 Galliam

94 2792 208 2843 venerat
220 2789 307 2857 (cujus
318 2791 399 2858 pater
411 2788 599 2843 Imanuentius
614 2788 643 2841 in
659 2805 692 2842 ca
702 2788 818 2843 'civitate
833 2804 947 2855 regnum

96 2864 253 2919 obtinuerat
264 2865 481 2933 interfectusque
493 2868 554 2919 erat
563 2881 580 2918 a
588 2864 799 2933 cassivellauno,
809 2865 868 2933 ipse
881 2864 948 2931 fuga

48 2942 213 2993 -nrortem
231 2943 388 3009 vitaverat),
400 2942 506 3010 legatos
522 2940 560 2994 ad
576 2941 722 2998 Gaesarem
738 2941 854 2995 mittunt
870 2939 949 3008 polli-

96 3015 253 3083 cantorque¹
265 3032 325 3070 sese
346 3017 372 3070 ei
390 3017 533 3072 dedituros
554 3020 638 3086 atque
658 3018 792 3087 imperata
815 3016 949 3071 facturos:

97 3089 196 3151 petunt
208 3094 240 3143 ut
251 3091 475 3148 Mandubratium
487 3094 522 3147 ab
534 3096 634 3164 injuria
646 3094 839 3149 Cassivellauni
855 3092 950 3146 defen-

97 3158 147 3212 dat
159 3164 242 3229 atqua
259 3160 292 3217 in'
303 3167 441 3222 civitatem
456 3169 551 3224 mittat
567 3170 614 3238 qui
627 3170 731 3237 praesit
749 3167 950 3239 imperiumque
