2175 3409
405 161 408 170 ι
430 183 438 196 .
482 118 593 165 LIBER
617 118 682 167 Vll.
718 158 721 166 .
960 117 1012 166 iss

160 199 288 269 partibus
302 198 513 268 orto'clamore,
533 200 581 268 qui
599 199 707 268 longius
730 199 847 254 aberant
869 195 1014 268 repentino

162 276 284 344 tumultu
294 275 445 345 perterriti,
458 292 542 345 quum
555 276 662 330 hostem
674 277 748 330 intra
759 275 854 345 portas
866 292 927 329 esse
944 275 1014 329 enis-

162 353 301 419 timarcnt‚
320 368 380 406 sese
399 369 433 405 en
454 352 556 422 oppido
577 352 726 421 ejecerunt.
761 352 867 405 Matres
895 351 1015 405 familiae

163 428 199 481 de
222 445 301 481 muro
327 431 431 482 vestem
451 432 650 497 argentumque
666 428 871 497 jactabant,.et
893 427 1014 497 pectoris

162 504 217 558 fine
228 504 420 572 prominentes,
429 505 517 574 passis
526 505 652 557 manibus
659 502 868 558 obtestabantur
877 503 1014 556 Romanos

163 584 195 635 ut
208 580 258 633 sibi
271 583 424 649 parcerent,
432 598 494 647 neu,
505 581 577 634 sicut
589 580 701 634 Avarici
713 579 849 648 fecissent,
861 596 897 633 ne
908 596 926 633 a
936 578 1015 632 muli-

163 656 255 711 eribus
267 656 380 725 quidem
392 660 475 726 atque
488 656 639 711 infantibus
650 656 828 711 abstinerent.
861 655 1014 709 Nonnullae

164 732 199 786 de
211 734 296 785 muris
313 749 371 802 per
375 732 615 790 manusdemissao
633 749 694 786 sese
711 733 843 788 militibus
861 731 1014 806 tradebant

164 808 195 862 L.
214 808 322 876 Fabius,
335 809 460 863 centurio
482 809 627 879 legionis
615 824 678 876 vm,
697 825 791 877 quem
798 809 872 863 inter
894 823 1015 861 suoseo

164 884 210 938 die
222 885 323 938 dixisse
335 885 480 939 constabat
491 884 607 939 excitari
618 902 649 939 se
658 883 870 939 Avaricensibus
878 884 1014 962 praemiis,

162 977 252 1029 nequo
268 962 474 1028 commissurum
492 964 542 1014 ut
542 961 633 1032 prius
639 961 781 1029 quisquam
798 976 907 1014 murum
924 976 1016 1013 ascen-

164 1035 251 1104 deret,
264 1039 322 1091 tres
336 1053 399 1090 suos
417 1040 515 1091 nactus
533 1036 730 1118 manipulares
739 1039 824 1105 atque
847 1035 935 1094 abus
954 1035 1016 1088 sub

164 1111 271 1166 levatus
281 1129 389 1166 murum
400 1113 531 1167 ascendit
570 1113 650 1166 Hos
642 1129 702 1181 lpse
719 1128 814 1165 rursus
831 1111 952 1180 singulos
970 1128 1015 1164 ex-

163 1189 297 1256 ceptans
289 1205 318 1241 m
326 1205 434 1242 murum
447 1188 556 1243 extulit

216 1269 280 1318 48.
293 1264 446 1320 Interim''
429 1282 449 1317 11
468 1265 518 1333 qui
538 1265 573 1318 ad
594 1264 711 1319 alteram
729 1223 837 1333 partem
856 1261 958 1331 oppidi,
981 1266 1014 1317 ut

164 1356 248 1429 supra
266 1340 519 1406 demonstravimus,
538 1340 697 1395 munitionis
720 1357 801 1394 causa
824 1342 1014 1426 convenerant,

162 1417 252 1484 primo
276 1417 407 1480 exaudito
430 1417 555 1483 clamore,
577 1417 644 1470 indo
667 1416 751 1471 etiam
774 1415 879 1470 crebris
909 1414 1014 1469 nunciis

162 1492 269 1546 incitati
280 1493 411 1562 oppidum
420 1492 456 1546 ab
466 1493 598 1546 Romanis
607 1492 703 1558 teneri,
710 1491 866 1560 praemissis
875 1489 1014 1559 equitibus

47 1610 52 1621 .
163 1584 261 1637 magno
285 1585 417 1623 concursu
443 1584 476 1622 co
493 1567 700 1622 contenderunt.
729 1568 831 1621 Eorum
848 1567 1015 1636 utquisque

163 1645 268 1712 primus
282 1648 404 1711 venerat,
418 1643 470 1698 sub
485 1660 564 1697 muro
580 1643 747 1698 consistebat
765 1659 930 1712 suorumque
946 1659 1015 1711 pug-

163 1722 286 1774 nantium
312 1717 456 1774 numerum
485 1718 612 1787 augebat.
649 1720 771 1784 Quorum
800 1736 885 1788 quum
914 1734 1014 1786 magna
1037 1763 1040 1782 ,

163 1796 310 1866 multitudo
322 1797 501 1861 convenisset,
513 1799 617 1849 matres
625 1796 750 1863 familiae,
760 1812 832 1864 quae
844 1794 936 1864 paullo
948 1797 1014 1847 ante

165 1870 296 1925 Romanis
308 1871 355 1941 [de
368 1871 458 1940 muro]
469 1888 567 1925 manus
578 1871 739 1938 tendebant,
754 1888 817 1925 suos
831 1869 966 1926 obtestari
983 1869 1014 1923 et

163 1964 240 2001 more
259 1947 363 2002 Gallice
379 1964 491 2017 passum
508 1948 636 2017 capillum
654 1950 793 2001 ostentare
810 1945 967 2014 liberosque
984 1944 1013 1997 in

163 2027 338 2092 conspectum
351 2022 493 2092 'proferro
510 2027 669 2093 coeperunt.
703 2023 773 2077 Erat
803 2021 934 2074 Romanis
963 2036 1014 2073 nec

163 2098 222 2153 loco
245 2116 296 2153 nec
316 2115 430 2153 numero
453 2115 542 2168 acqua
561 2098 713 2153 contentio:
733 2097 813 2151 simul
833 2099 862 2150 et
881 2097 1015 2149 cursu'ct

164 2176 254 2243 spatio
277 2191 386 2244 pugnae
412 2174 556 2243 defatigati
585 2191 640 2228 non
668 2174 747 2227 facile
776 2174 902 2226 recentes
930 2174 1015 2239 atque

163 2251 284 2319 integros
297 2250 477 2305 sustinebant

216 2333 258 2382 49.
294 2327 395 2390 Caesar
418 2343 502 2395 quum
519 2326 612 2395 iniquo
629 2325 688 2380 loco
705 2324 822 2393 pugnari
840 2322 1016 2389 hostiumque

163 2403 258 2472 augeri
269 2403 360 2472 copias
375 2402 489 2470 rideret,
502 2404 695 2470 praemetuens
712 2400 769 2453 suis
787 2398 823 2453 ad
842 2399 871 2451 T,
890 2397 1014 2451 Sextium

163 2479 292 2548 legatum,
311 2495 392 2547 quem
410 2476 560 2534 minoribus
579 2478 678 2531 castris
697 2474 835 2546 praesidio
853 2473 1013 2542 reliquerat,

163 2556 251 2610 mittit
261 2559 294 2612 ut
306 2554 431 2610 cobortes
441 2552 489 2622 [ex
501 2551 610 2621 castris]
622 2553 749 2608 celeriter
765 2550 896 2606 educeret
914 2553 943 2603 et
960 2549 1012 2604 sub

162 2632 256 2684 infimo
268 2631 337 2685 colle
351 2628 386 2682 ab
405 2629 504 2683 dextro
522 2629 610 2682 latere
627 2627 749 2682 bostium
766 2626 954 2692 constitueret,
964 2629 1012 2693 ut,

163 2708 186 2761 si
198 2711 306 2774 nostros
317 2705 376 2760 loco
388 2704 516 2773 depulsos
524 2704 646 2771 vidisset,
657 2721 712 2773 que
720 2704 811 2757 minus
819 2701 907 2758 libere
917 2702 1021 2765 hostes¹

162 2784 373 2852 insequerentur
385 2783 512 2836 temerat.
550 2780 615 2848 Ipse
631 2779 753 2848 paullum
770 2795 805 2833 ex
824 2795 857 2833 co
874 2778 934 2832 loce
951 2794 1014 2832 cum

162 2859 270 2927 legione
280 2873 443 2927 progressus
453 2856 502 2911 ubi
517 2856 679 2911 constiterat
696 2858 825 2909 eventum
843 2870 951 2923 pugnae
969 2869 1014 2907 cx·

163 2934 312 3002 spectabat.
416 2967 417 2971 =

215 3017 256 3065 50.
292 3011 382 3075 Quum
403 3008 536 3063 acerrime
560 3006 709 3065 cummium
699 2987 903 3074 pugnaretur,
919 3004 1014 3057 hostes

162 3087 222 3142 loco
234 3090 264 3142 et
277 3102 399 3152 numero,
418 3085 505 3139 nostri
521 3084 625 3140 virtute
643 3082 822 3147 confiderent,
839 3079 931 3134 subito
949 3079 1018 3129 sunt.

165 3164 255 3219 Aedui
277 3164 326 3217 visi
346 3162 381 3217 ab
400 3162 487 3216 latere
510 3159 611 3214 nostris
635 3162 739 3227 aperto,
763 3172 832 3223 quos
856 3155 957 3209 Caesar
977 3150 1013 3204 ab
