2175 3409
511 135 623 221 nisan
639 171 664 221 1.
981 177 1013 224 aa

212 254 254 304 43.
289 248 422 306 Planities
433 252 494 305 erat
505 266 605 319 magna
615 254 646 307 et
656 252 685 306 in
700 268 735 307 ee
748 252 871 308 tumulus
885 254 1013 310 terrenus

160 325 228 379 satis
245 325 365 393 grandis.
402 325 457 380 Hic
475 325 550 381 locus
568 344 655 396 aequo
673 328 733 382 iere
751 329 840 398 spatio
860 329 896 383 ab
914 330 1013 384 castris

161 401 292 455 Ariovisti
304 404 334 455 ct
343 402 467 456 Caesaris
475 402 579 457 aberat.
615 404 656 457 ιιο
665 407 697 458 ιιι
708 409 768 458 erat
774 404 879 459 dictum
888 404 924 458 ad
933 405 1013 459 collo-

158 477 252 543 quium
264 481 405 532 venerunt
441 476 589 547 Legionem
602 479 710 548 Caesar,
722 496 802 548 quam
818 481 896 550 equis
912 480 1012 535 devex-

159 555 227 619 erat,
243 551 368 620 passibus
386 552 511 607 ducentis
522 553 558 607 ab
577 570 610 609 ec
628 554 734 609 tumulo
751 555 901 611 constituit
937 557 1011 612 Item

158 628 266 694 equites
273 628 406 684 Ariovisti
417 628 478 696 pari
488 628 632 683 intervallo
644 631 835 686 constitenmt.
853 631 1011 686 Ariovistus

158 718 194 755 ex
203 703 281 771 equis
289 706 321 757 ut
328 702 547 772 colloquerentur
555 708 585 758 et
592 704 703 773 praeter
711 721 741 759 sc
750 706 835 760 denos
843 708 876 761 ut
883 706 920 760 ad
931 706 1011 760 collo-

157 777 252 846 quium
263 778 433 844 adducerent
443 779 599 848 postulavit
633 778 689 835 Ubi
705 796 738 835 eo
754 784 866 837 ventum
882 784 933 849 est,
942 781 1010 836 Cae·

158 868 204 906 sar
214 852 292 907 initio
303 853 434 908 orationis
446 870 495 908 sua
507 858 670 922 senatusque
680 855 710 908 in
721 872 785 909 eum
795 855 928 911 beneficia
938 873 1011 911 com·

157 929 325 997 memoravit,
347 928 428 995 Quod
445 945 495 983 rex
514 929 667 999 appellatus
685 932 760 985 esset
775 947 793 984 ι
808 933 913 998 senatu,
933 930 1008 1001 quod

157 1003 267 1072 amicus,
284 1003 359 1072 quod
376 1020 490 1059 munera
506 1003 673 1074 amplissima
688 1005 787 1070 missa;
803 1021 884 1074 quam
902 1023 961 1060 rem
978 1010 1008 1061 et

156 1080 250 1147 paucis
266 1079 411 1148 contigisse
429 1083 459 1134 et
480 1096 531 1149 pro
553 1078 659 1148 magnis
676 1079 815 1133 hominum
835 1079 930 1135 officiis
946 1097 1008 1135 con·

157 1169 252 1208 suesce
263 1154 348 1208 tribui
361 1153 492 1220 docebat3
503 1154 589 1223 illum,
597 1170 681 1223 quum
692 1171 782 1224 neque
797 1154 902 1209 aditum
918 1172 1009 1223 neque

155 1245 265 1296 mamm
287 1230 443 1300 postulandi
462 1229 569 1299 justam
591 1229 714 1298 haberet,
733 1229 865 1285 beneficio
886 1247 918 1285 ac
940 1230 1008 1285 libe-

156 1304 267 1359 ralitate
277 1322 325 1359 sua
332 1322 364 1360 ac
373 1308 484 1360 senatus
492 1322 526 1360 ea
533 1305 656 1374 praemia
663 1308 846 1359 consecutum.
882 1305 1008 1361 Docebat

155 1381 240 1435 etiam
252 1396 334 1450 quam
344 1384 453 1435 veteres
465 1396 604 1454 quamque
612 1380 706 1448 justae
717 1396 814 1435 causae
827 1381 1007 1435 necessitudi-

95 1489 100 1504 ,
155 1456 198 1509 nis
206 1455 273 1524 ipsis
282 1471 344 1510 cum
354 1455 460 1510 Aeduis
468 1454 689 1522 intercederent3
700 1471 771 1525 quae
780 1458 892 1511 senatus
900 1456 1006 1511 consul·

154 1535 192 1600 tn,
207 1531 315 1602 quoties
331 1547 468 1600 quamque
484 1530 633 1588 honorifica
649 1530 678 1584 in
695 1547 743 1586 eos
758 1531 832 1586 iacta
849 1533 956 1599 essent3
973 1535 1006 1588 ut

154 1608 365 1676 omnitempore
376 1607 463 1667 totius
474 1606 580 1661 Galliae
594 1607 805 1676 principatum
792 1606 885 1661 Aedui
903 1607 1006 1662 tenuis

154 1686 224 1749 sent,
236 1684 311 1753 prius
327 1681 411 1736 etiam
427 1697 509 1754 quam
525 1684 647 1736 nostram
663 1673 811 1737 amicitiam
827 1681 1004 1770 appetissent.

155 1757 274 1847 Populi
265 1757 380 1811 Romani
389 1757 459 1816 haue
468 1773 528 1811 esse
538 1757 770 1825 consuetudinem,
780 1759 812 1812 ut
820 1758 908 1812 socios
919 1760 1004 1825 atque

153 1834 254 1887 amicos
264 1849 320 1886 non
332 1833 413 1886 modo
426 1832 468 1894 sui
483 1823 551 1886 nihil
567 1832 727 1903 deperdere,
740 1832 790 1887 sed
805 1825 902 1900 gratia,
915 1831 1003 1901 digni·

153 1913 220 1978 tate,
226 1908 328 1963 honore
339 1909 474 1974 auctiores
485 1908 553 1962 velit
564 1925 638 1963 esse.
650 1907 724 1978 quod
736 1924 801 1963 vero
809 1906 846 1962 ad
854 1907 1002 1963 amicitiam

153 1984 246 2054 populi
259 1982 375 2038 Romani
386 1983 558 2052 adtulissent,
570 1984 629 2038 id
611 2001 645 2038 ns
656 1984 725 2053 cripi
733 1984 803 2072 ’quis
818 1983 876 2051 pati
892 1983 1003 2052 possetl

154 2058 307 2115 Postulavit
319 2058 420 2112 deinde
432 2058 529 2113 eadem
540 2076 612 2129 quae
623 2058 740 2128 legatis
731 2076 760 2112 m
771 2056 907 2112 mandatis
918 2057 1003 2116 dede·

153 2136 205 2203 rat,
222 2151 257 2191 ne
275 2136 324 2189 aut
342 2133 451 2189 Aeduis
468 2137 517 2187 ιιιι
536 2150 632 2188 eornm
651 2133 729 2189 sociis
747 2132 850 2187 bellum
872 2132 1002 2198 interret3

152 2209 415 2275 obsidesredderet;
426 2199 675 2279 slnullampartem
683 2209 881 2263 Germanorum
889 2208 1000 2263 domum

153 2286 295 2340 remittere
310 2287 412 2354 posset,
424 2287 454 2338 ιι
469 2300 505 2339 ne
521 2301 590 2354 quos
607 2284 724 2355 amplius
741 2284 867 2338 Rhenum
884 2284 1002 2339 trmsire

152 2363 300 2431 pateretur.

106 2467 108 2470 v
203 2441 245 2490 44.
274 2432 1000 2503 Ariovistusadpcstnlatacaesarispaucarespondit,

151 2512 188 2567 de
204 2511 260 2567 suis
279 2510 427 2566 virtutibus
445 2511 532 2564 multa
547 2509 729 2578 praedicarit:
748 2506 890 2562 Transisse
909 2507 1001 2563 Rhen-

120 2603 129 2616 ·
150 2605 197 2641 um
213 2603 274 2643 sese
288 2604 342 2641 non
359 2602 408 2640 sua
424 2588 528 2655 sponte,
546 2585 596 2638 sed
614 2587 741 2653 rogatum
757 2585 787 2638 et
805 2583 965 2638 arcemitum
983 2600 1001 2639 ι

151 2662 251 2729 Gallis;
268 2678 323 2717 non
334 2661 392 2715 sine
407 2677 505 2730 magna
520 2676 570 2730 spe
580 2660 739 2729 magnisque
750 2659 878 2729 praemiis
889 2659 1001 2713 domum

150 2738 370 2808 propinquosque
380 2735 536 2804 reliquisse;
549 2734 628 2789 sedes
638 2733 741 2789 habere
752 2736 780 2788 in
793 2734 882 2790 Gallia
890 2734 925 2789 ab
933 2735 1001 2803 ipsis

149 2829 298 2880 concessas,
311 2810 419 2865 obsides
433 2811 554 2879 ipsorum
568 2809 707 2865 voluntate
721 2809 800 2864 datos
807 2829 815 2876 3
833 2809 1000 2879 stipendium

150 2883 390 3018 tritttltl
395 2883 1000 3015 minwidnnp‘lrsimffl

878 2999 886 3025 ι

150 3039 255 3094 Galliae
266 3038 392 3093 civitates
403 3036 439 3090 ad
451 3052 481 3089 se
492 3033 702 3103 oppugnandum
710 3034 818 3088 venisse
826 3049 858 3086 ac
866 3035 961 3085 contra
970 3047 1000 3084 sc

148 3119 240 3172 castra
249 3112 391 3169 habuisse:
404 3127 451 3166 eas
462 3126 556 3165 omnes
568 3109 658 3178 copias
667 3124 685 3161 ι
696 3123 788 3161 senno
796 3106 899 3176 proelio
907 3105 1000 3172 pulsas
