2175 3409
427 128 432 139 ’
504 115 617 164 LIBER
633 114 700 163 VII.
980 117 1026 163 123

163 198 269 254 ‘tudine
281 195 407 266 supplicii
419 195 581 250 dubitantes
592 195 754 264 cogitanam
766 194 873 263 majore
884 192 1028 249 commisso

171 274 273 329 delicto
284 274 341 342 igni
355 278 439 342 atquo
449 271 583 326 omnibus
596 272 854 337 tormentisnecat3
873 272 975 325 leviore
992 270 1029 324 de

171 367 254 405 causa
266 349 377 404 auribus
389 349 509 404 desectis
520 352 569 403 aut
582 348 696 416 singulis
709 349 814 403 effossis
823 348 908 402 oculis
916 348 1028 401 domum

172 427 292 481 remittit
314 430 356 480 ut.
369 426 426 480 sint
449 426 562 496 reliquis
590 424 756 479 documento
781 428 812 479 et
839 422 1029 493 magnitudine

171 519 277 572 poenae
289 506 466 572 perterreant
477 502 554 556 alios.
735 551 744 566 ,

225 585 248 632 5.
280 580 333 633 His
343 579 481 649 suppliciis
488 578 617 634 celeriter
628 581 722 632 coacto
734 578 858 631 exercitu
870 576 1037 631 Lucterium

173 654 337 724 Cadurcum,
366 672 489 710 summae
516 655 656 710 hominem
685 654 826 728 andaciae,
856 671 919 708 cum
948 658 1029 723 parte

172 732 312 801 copiarum
323 734 351 787 in
365 732 491 786 Rutenos
503 732 604 787 mittit:
616 732 676 801 ipse
687 733 717 784 in
729 732 871 800 Bituriges
882 731 1027 800 proficisci-

172 809 226 862 tur.
262 808 330 877 Ejus
341 809 464 862 adventu
475 808 617 876 Bituriges
631 807 668 861 ad
684 807 805 874 Aeduos,
818 821 933 875 quorum
949 812 1029 862 erant

131 919 135 920 ν
172 883 201 936 in
213 883 277 952 fide,
288 885 393 953 legatos
407 886 524 939 mittunt
538 883 692 938 subsidium
708 888 843 952 rogatum,
856 900 910 951 quo
922 884 1028 937 facilius

172 958 292 1014 hostium
316 957 406 1031 copias
431 960 568 1015 sustinere
591 959 704 1029 possint.
741 959 843 1013 Aedui.
857 959 894 1012 de
916 959 1029 1013 consilio

173 1034 334 1103 legatorum,
347 1053 416 1105 quos
429 1038 530 1092 Caesar
546 1035 582 1089 ad
598 1035 750 1089 exercitum
766 1035 924 1104 reliquerat,
936 1034 1029 1104 copias

173 1111 314 1179 equitatus
340 1113 538 1182 peditatusque
561 1111 684 1165 subsidio
708 1110 881 1179 Biturigibus
904 1111 1027 1165 mittunt.

174 1186 228 1251 Qui
239 1205 322 1256 quum
335 1187 372 1242 ad
383 1188 484 1243 flumen
502 1188 621 1256 Ligerim
638 1188 784 1256 venissent,
796 1187 871 1256 quod
887 1186 1029 1255 Bituriges

173 1261 209 1316 ab
222 1263 329 1317 Aeduis
341 1264 448 1333 dividit,
466 1280 569 1334 paucos
585 1264 645 1317 dies
661 1262 698 1316 ibi
715 1263 814 1316 morati
825 1267 915 1331 neque
926 1262 1028 1317 flumen

173 1339 292 1394 transire
320 1340 379 1395 ausi
404 1340 517 1394 domum
542 1343 720 1393 revertuntur
746 1339 900 1408 legatisque
926 1339 1029 1392 nostris

173 1416 335 1471 renunciant
359 1433 389 1472 se
401 1416 566 1484 Biturigum
589 1415 733 1484 perfidiam
750 1414 854 1470 veritos
872 1414 1028 1482 revertisse,

172 1490 273 1559 quibus
283 1492 314 1547 id
325 1493 431 1547 consilii
442 1492 527 1546 fuisse
540 1491 726 1559 cognoverint,
738 1494 777 1556 nt,
790 1491 814 1544 si
826 1490 927 1544 flumen
940 1493 1028 1545 trans-

173 1566 267 1636 issent,
280 1585 335 1623 una
346 1585 381 1622 ex
399 1571 479 1638 parte
491 1568 551 1636 ipsi,
564 1567 652 1621 altera
669 1567 788 1620 Arverni
801 1582 831 1620 se
847 1567 1028 1621 circumsiste

130 1711 131 1716 ἵ
172 1647 244 1697 rent.
282 1644 318 1698 Id
329 1661 397 1698 eane
409 1645 446 1698 de
457 1660 540 1698 causa
552 1659 633 1711 quam
645 1642 744 1711 legatis
761 1642 975 1711 pronunciarunt
992 1659 1028 1696 an

173 1720 290 1787 perfidia
306 1720 420 1775 adducti
436 1720 562 1786 fecerint,
575 1719 649 1788 qnod
665 1719 733 1772 nihil
750 1719 829 1773 nobis
845 1722 961 1786 constat,
973 1733 1027 1772 non

173 1795 283 1862 videtur
306 1799 457 1865 pro-certo
481 1811 542 1849 esse
565 1794 731 1864 ponendum.
768 1794 909 1863 Bituriges
932 1811 1027 1848 eornm

173 1870 295 1925 discessu
307 1872 406 1927 statim·
415 1870 444 1926 s'e
455 1871 518 1926 cum
532 1868 666 1926 Arvernis
678 1867 854 1940 conjungunt.

226 1954 250 2003 6.
285 1948 339 2001 His
351 1947 435 2003 rebus
446 1949 475 2002 in
485 1948 594 2002 Italiam
603 1947 715 2001 Caesari
724 1947 867 2014 nunciatis,
876 1963 959 2013 quum
967 1946 1027 2015 jam

173 2022 221 2077 ille
238 2024 356 2079 urbanas
374 2041 419 2078 res
437 2025 540 2078 virtute
559 2024 608 2079 Cn.
627 2022 751 2091 Pompeii
768 2022 978 2075 commodiorem
999 2022 1027 2074 in

96 2135 99 2140 <
173 2102 277 2153 statum
290 2100 448 2169 pervenisse
459 2099 636 2168 intelligeret,
648 2101 677 2153 in
690 2099 897 2167 Transalpinam
910 2097 1027 2151 Galliam

173 2176 312 2244 profectus
335 2180 387 2231 est.
422 2176 463 2230 Eo
486 2189 572 2245 quum
595 2177 723 2244 venisset,
740 2191 840 2243 magna
864 2173 1027 2227 difficultate

101 2291 105 2297 .
173 2251 342 2306 afficiebatur
353 2269 408 2322 qua
421 2253 528 2307 ratione
544 2251 581 2305 ad
597 2252 749 2306 exercitum
766 2249 910 2320 pervenire
927 2253 1026 2318 posset.

174 2326 201 2380 N
203 2344 248 2380 am
260 2327 283 2380 si
295 2328 417 2396 legiones
428 2328 457 2382 in
474 2328 642 2398 provinciam
654 2330 814 2394 arcesseret,
828 2343 858 2380 se
872 2325 985 2380 absente
999 2327 1028 2379 in

172 2402 272 2456 itinere
286 2405 389 2472 proelio
402 2404 580 2459 dimicaturas
591 2402 777 2471 intelligebat:
796 2403 819 2456 si
831 2403 890 2471 ipse
901 2401 937 2456 ad
950 2418 1028 2456 exer-

172 2479 260 2533 citum
271 2481 459 2548 contenderet,
471 2498 507 2536 ne
518 2481 552 2534 iis
563 2479 676 2550 quidem
689 2480 736 2548 qni
747 2497 780 2534 eo
792 2483 918 2548 tempore
935 2477 1026 2547 pacati

172 2554 334 2610 viderentur
346 2574 423 2610 suam
435 2557 552 2610 salutem
564 2559 640 2609 recte
652 2556 785 2611 committi
796 2555 917 2609 videbat.

228 2635 250 2689 7.
286 2632 404 2686 Interim
422 2632 567 2686 Lucterius
582 2631 724 2685 Cadurcus
738 2632 767 2684 in
787 2632 910 2686 Rutenos
927 2630 1027 2685 missus

172 2723 233 2761 eam
245 2707 388 2761 civitatem
402 2707 536 2762 Arvernis
548 2708 681 2762 conciliat.
719 2707 884 2776 Progressus
895 2709 923 2761 in
940 2708 966 2761 N
968 2708 1028 2761 itio-

172 2782 265 2851 briges
276 2787 306 2838 et
319 2783 443 2841 Gabalos,
451 2783 486 2837 ab
498 2784 624 2852 utrisque
641 2782 751 2837 obsides
768 2784 875 2852 accipit,
887 2787 917 2838 et
928 2800 1028 2852 magna

172 2862 266 2913 coacta
274 2877 357 2913 manu
364 2860 393 2913 in
403 2860 575 2916 Provinciam
584 2859 742 2914 Narbonem
751 2877 846 2914 versus
855 2861 1028 2929 eruptionem

171 2935 262 2990 facere
273 2936 425 2991 contendit.
461 2936 521 3001 Qua
532 2954 564 2990 re
575 2937 704 2990 nunciata
716 2936 817 2990 Caesar
829 2937 955 2990 omnibus
966 2952 1028 2989 con-

171 3010 240 3065 siliis
256 3011 485 3067 antevertendum
501 3012 670 3067 existimavit
683 3015 716 3065 ut
731 3011 890 3064 Narbonem
909 3010 1028 3079 proficis-

171 3091 288 3141 ceretur.
326 3089 366 3142 Bo
380 3105 464 3157 quum
477 3090 606 3157 venisset,
619 3090 750 3142 timentes
762 3085 914 3153 confirmat,
927 3082 1029 3151 praesi-

171 3162 219 3218 dia
230 3163 259 3217 in
272 3162 390 3219 Rutenis
401 3163 621 3232 provincialibus,
633 3161 728 3216 Volcis
738 3160 912 3226 Arecomicis,
921 3158 1029 3213 Tolosa-
