2175 3409
484 93 492 109 ’
511 104 624 154 urana
641 104 662 154 1.
981 107 1010 156 17

161 201 223 239 esso
245 185 414 238 miseriorem
437 186 466 238 et
488 184 641 252 graviorem
664 183 802 237 fortunam
826 183 1013 252 Sequanorum

162 278 245 330 quam
262 262 429 329 reliquorum
445 260 520 328 quod
535 259 585 312 soli
599 276 635 313 ne
651 260 678 312 in
695 259 800 313 occulto
811 260 923 329 quidem
935 262 1013 329 queri

161 354 251 406 nequo
258 336 389 390 auxilium
396 336 542 403 implorare
550 336 691 403 auderent,
698 335 1013 404 absentisqueArioristi

122 449 125 454 ·
162 412 353 468 crudelitatem
364 411 440 465 velut
451 411 475 463 si
486 427 578 465 coram
589 411 699 465 adesset
709 410 860 476 horrerent,
868 415 1015 480 propterea

162 488 239 556 quod
258 488 373 557 reliquis
392 490 484 541 tamen
504 487 586 555 fugae
606 487 723 541 facultas
742 486 862 551 daretur,
880 486 1015 556 Sequanis

162 581 235 632 vero,
243 564 291 634 qui
302 564 376 618 intra
384 564 453 617 fines
465 579 528 617 suos
538 563 707 616 Ariovistum
716 563 1014 632 reeepissent,quorum

162 640 264 708 oppida
279 640 370 693 omnia
384 640 413 692 in
426 642 564 708 potestate
580 638 640 707 ejus
655 641 755 705 essent,
771 654 865 693 omnes
878 639 1014 694 eruciatus

162 719 257 770 essent
268 716 431 785 perferendi.

217 797 258 846 33.
294 792 348 845 His
371 790 454 845 rebus
476 790 592 858 eognitis
622 790 723 845 caesar
745 789 886 845 Gallorum
909 790 1015 844 animos

163 866 255 922 serbis
266 868 444 931 eonfimiarit
455 867 648 936 pollicitusque
659 869 703 920 est
715 866 767 920 sibi
783 883 844 920 eam
859 884 918 920 rem
932 883 1015 921 curae

163 944 299 1010 futuram3
317 960 444 1011 maguam
463 959 493 996 se
510 942 612 996 habere
630 958 707 1011 spem
725 944 754 995 et
771 942 904 996 beneficio
922 959 971 996 suo
986 947 1014 996 et

164 1020 328 1074 auctoritate
346 1020 495 1073 adductum
515 1018 686 1072 Ariovistum
704 1018 787 1071 finem
805 1016 912 1085 injuriis
928 1018 1014 1072 faetu-

93 1165 96 1172 r
163 1110 241 1223 Erum&
269 1094 330 1147 Hae
332 1094 464 1223 &⁰¹¹⁰
475 1093 570 1146 habita
573 1092 844 1221 popggmmdimit.
874 1093 1016 1220 Iltbsecun-

85 1187 90 1198 ¹
251 1186 332 1224 eam
425 1184 609 1222 reseumo
673 1184 708 1220 an
775 1184 1015 1236 quarem1eam

163 1262 223 1299 rem
245 1245 419 1314 cogitandam
440 1247 470 1298 et
493 1243 693 1312 smeipiendam
716 1246 844 1311 putaret3
874 1244 1015 1313 imprimis,

164 1322 239 1391 quod
262 1321 382 1388 Aeduos,
406 1321 507 1375 fratres
531 1319 798 1388 consanguineosque
820 1335 1015 1389 saepenumero

164 1414 181 1451 a
192 1402 291 1451 senatu
301 1398 460 1466 appellatos,
469 1395 498 1449 in
509 1396 643 1449 servitute
655 1398 740 1463 atque
751 1396 780 1448 in
791 1395 895 1450 ditione
904 1396 1015 1452 videbat

123 1522 136 1538 „
165 1474 362 1528 Germanorum
377 1472 474 1536 teneri,
486 1488 635 1539 eorumque
653 1469 763 1525 obsides
777 1487 837 1525 esse
848 1471 923 1540 apud
935 1473 1015 1526 Ario

163 1547 265 1601 vistum
276 1564 308 1601 ae
320 1547 461 1616 Sequanos
472 1546 645 1613 intelligebat
655 1566 662 1611 ;
680 1546 755 1615 quod
765 1547 793 1599 in
805 1549 884 1600 tanto
899 1547 1015 1617 imperio

163 1624 257 1692 populi
279 1624 395 1677 Romani
416 1623 605 1691 tmpissimum
626 1622 677 1676 sibi
698 1626 728 1676 et
748 1622 934 1692 reipublicae
955 1640 1016 1679 esse

164 1699 357 1754 arbitrabatur.
394 1699 529 1753 Paulatim
551 1702 642 1752 autem
665 1699 816 1754 Germanos
839 1716 1016 1755 eonsuescere

165 1775 292 1829 Rhenum
303 1776 422 1830 transire
439 1775 513 1829 etin
530 1774 646 1828 Galliam
665 1790 791 1842 magnam
810 1791 905 1830 eorum
923 1776 1015 1829 multi·

164 1851 289 1905 munem
305 1852 398 1904 venire
414 1850 515 1919 populo
532 1849 657 1903 Romano
679 1850 862 1918 pertemesum
885 1850 1015 1917 videbat3

91 1947 105 1972 a
164 1943 253 1995 neque
277 1926 328 1981 sibi
351 1927 473 1980 homines
496 1926 570 1979 feros
596 1942 629 1979 ae
653 1924 784 1979 barbaros
813 1930 1015 1995 temperaturos

165 2002 340 2057 existimabat
356 2003 429 2070 quin
444 2017 529 2071 quum
545 2017 653 2055 omnem
670 2002 786 2055 Galliam
802 2004 1015 2072 oocupavissent,

164 2081 197 2133 ut
219 2083 284 2134 ante
308 2078 411 2133 Cimbri
439 2078 610 2144 Teutonique
635 2078 770 2146 fecissent
793 2078 822 2132 in
849 2080 1014 2147 provinciam

165 2155 272 2209 exuent
288 2157 372 2222 atque
387 2153 452 2207 inde
467 2153 495 2207 in
511 2152 621 2206 Italiam
635 2155 840 2218 contenderent
851 2156 1013 2223 praesertim

165 2246 250 2298 quum
263 2230 403 2299 Sequanos
415 2246 432 2284 a
442 2229 583 2298 provincia
595 2232 689 2283 nostra
702 2229 852 2283 Rhodanus
863 2230 1015 2295 dividerem

165 2305 264 2375 quibus
284 2305 366 2360 rebus
387 2321 469 2373 quam
491 2305 653 2358 maturrime
675 2304 872 2358 occurrendum
891 2305 1014 2373 putabat

166 2381 231 2450 Ipse
242 2385 335 2435 autem
348 2380 504 2434 Ariovistus
515 2383 609 2433 tantos
621 2378 673 2432 sibi
685 2380 806 2448 spiritus
818 2383 924 2433 tantam
940 2397 1014 2435 arro-

164 2458 286 2527 gantiam
298 2460 451 2526 sumpserat
463 2458 495 2509 nt
505 2455 636 2508 ferendus
647 2471 701 2508 non
714 2453 861 2508 videretur.

217 2540 257 2587 34.
288 2532 470 2597 Quamobrem
482 2530 585 2600 placuit
596 2531 622 2583 ei
634 2530 714 2584 utad
727 2530 897 2585 Ariovistum
908 2531 1014 2600 legatos
1047 2593 1050 2603 „

164 2610 290 2663 mitteret
314 2608 360 2676 qui
386 2606 421 2661 ab
449 2623 481 2660 eo
507 2606 680 2675 postularent
705 2606 745 2659 uti
778 2605 896 2674 aliquem
925 2608 1013 2663 locum

164 2685 285 2740 medium
303 2684 447 2752 utriusque
466 2682 600 2750 colloquio
620 2681 740 2736 diceret:
762 2683 831 2737 velle
850 2699 910 2738 seso
929 2684 964 2738 de
982 2701 1014 2739 re

163 2760 271 2829 publiea
287 2763 317 2815 et
335 2759 447 2814 summis
464 2758 608 2825 utriusque
625 2757 708 2810 rebus
725 2774 787 2811 eum
804 2775 837 2811 eo
856 2775 945 2826 agere.
980 2761 1014 2814 Ei

164 2837 294 2905 legationi
315 2835 471 2889 Ariovistus
489 2832 648 2900 respondit:
667 2832 696 2885 Si
713 2832 780 2899 quid
795 2834 847 2902 ipsi
863 2850 880 2887 a
897 2833 1014 2906 Caesare

164 2930 232 2982 opus
244 2914 325 2977 esset,
338 2927 398 2965 sese
410 2908 447 2963 ad
460 2924 522 2962 eum
535 2910 681 2961 venturmn
692 2908 793 2963 fuisse:
811 2909 834 2963 si
847 2910 914 2979 quid
925 2910 970 2965 illo
984 2927 1014 2965 se

164 2990 237 3056 velit,
249 2988 326 3041 illum
338 2986 375 3040 ad
393 3002 422 3039 se
434 2984 526 3039 venire
543 2986 677 3049 oportere.
715 2986 864 3039 Praeterea
880 3002 910 3038 se
925 3003 1014 3053 nequo

165 3066 222 3119 sine
240 3062 408 3117 exercituin
426 3074 473 3113 eas
490 3060 584 3125 partes
602 3057 706 3112 Galliae
724 3061 817 3114 venire
833 3060 934 3114 audere
946 3076 1015 3127 quas

165 3142 267 3195 Caesar
284 3136 447 3207 possideret.
465 3147 555 3200 neque
574 3133 723 3187 exereitum
744 3136 803 3189 sine
823 3151 923 3201 magno
943 3150 1015 3185 coar-

1005 3291 1084 3361 Δ
