2175 3409
68 129 99 176 48
331 123 360 172 0.
377 123 478 173 JULII
497 122 669 172 CAESARIS

121 212 144 265 Β.
179 200 273 276 Huius
291 209 336 261 est
355 203 474 258 civitatis
492 203 573 271 longe
591 202 759 272 amplissima
775 203 924 262 auctoritas

68 285 155 338 omnis
171 299 236 337 orae
251 282 405 335 maritimae
423 280 567 348 regionum
586 296 687 346 earum,
701 278 776 349 quod
795 285 825 336 et
841 300 922 337 naves

68 359 172 414 habent
183 358 286 413 Veneti
297 357 429 426 plurimas
442 356 543 425 quibus
560 356 589 410 in
606 355 777 410 Britanniam
794 359 923 427 navigare

68 433 242 502 consuerunt,
263 437 293 488 et
316 433 430 488 scientia
453 436 538 501 atque
562 449 614 485 usu
637 433 810 487 nauticarum
830 451 923 489 rerum

69 511 190 579 reliquos
208 509 381 577 antecedunt,
399 513 429 563 et
447 508 477 562 in
495 524 595 576 magno
613 507 719 575 impetu
737 510 821 563 maris
839 514 924 582 atque

68 587 179 655 aperto*
188 587 281 655 paucis
303 584 429 654 portibus
456 584 616 653 interjectis,
641 601 709 654 quos
737 589 833 640 tenent
860 587 922 657 ipsi,

69 677 163 716 omues
174 662 233 715 fere
245 661 291 729 qui
308 661 425 716 comari
442 660 483 714 uti
498 665 666 715 consuerunt
684 661 787 716 habent
804 664 923 731 vectiga
937 671 951 694 '¹
984 689 988 702 ι

69 739 116 791 les.
153 738 199 794 Ab
218 738 261 800 his
280 738 312 792 fit
332 736 441 791 initium
464 737 600 791 retinendi
624 737 683 792 Silii
704 745 788 807 atque
806 738 923 808 Velanii,

71 813 146 883 quod
163 830 214 884 per
232 829 280 868 eos
300 830 363 867 suos
382 830 412 867 se
432 812 540 867 obsides
565 830 633 881 quos
658 815 756 869 Crasso
781 815 925 870 dedissent

70 891 273 959 reciperaturos
292 890 492 944 existimabant.
529 890 637 943 Horum
657 892 821 945 auctoritato
839 891 923 947 finiti-

71 968 108 1021 mi
125 966 246 1035 adducti,
258 970 291 1021 ut
308 970 372 1020 sunt
389 966 528 1021 Gallorum
548 966 640 1021 subita
659 972 687 1022 et
703 968 848 1037 repentina
862 984 925 1021 eon·
1000 982 1008 988 ·

70 1043 139 1112 silis,
151 1042 248 1097 eadem
261 1042 296 1097 de
308 1060 389 1097 causa
401 1043 530 1096 Trebium
545 1043 785 1114 Terrasidiumque
801 1043 924 1099 retinent

70 1123 100 1173 et
118 1119 245 1174 celeriter
263 1119 354 1174 missis
373 1120 470 1188 legatis
488 1136 540 1188 per
560 1137 622 1173 suos
642 1121 779 1189 principes
799 1121 873 1174 inter
893 1137 923 1175 se

71 1195 216 1264 conjurant
228 1195 294 1248 nihil
313 1196 365 1250 nisi
385 1196 519 1249 mmmuni
538 1196 648 1250 consilio
667 1200 775 1251 acturos
792 1197 923 1251 eundem-

72 1288 126 1338 que
149 1272 236 1325 omnis
259 1273 385 1326 fortunae
404 1272 508 1325 exitum
528 1289 588 1326 esse
608 1273 730 1338 laturos3
748 1273 923 1342 reliquasque

72 1347 197 1402 civitates
209 1347 356 1401 sollicitant
367 1351 400 1402 ut
411 1348 440 1400 in
452 1364 486 1401 ea
496 1347 627 1403 libertate
642 1366 724 1417 quam
742 1365 759 1401 a
772 1348 922 1416 majoribus

72 1427 232 1491 acceperant
254 1440 416 1492 permanere
440 1440 522 1493 quam
551 1425 733 1477 Romanorum
760 1424 922 1479 servitutem

71 1500 193 1567 perferre
205 1499 323 1555 mallent
360 1499 441 1552 Omni
453 1516 502 1553 ora
512 1500 651 1555 maritima
662 1501 789 1555 celeriter
801 1499 837 1553 ad
845 1516 922 1554 suam

72 1574 235 1629 sententiam
265 1575 406 1644 perducta,
435 1592 606 1629 communem
633 1576 796 1644 legationem
824 1575 861 1630 ad
892 1577 923 1630 P.

73 1651 201 1704 Crassum
224 1650 346 1718 mittunt,
366 1651 395 1706 si
418 1651 485 1705 velit
505 1667 568 1706 suos
586 1652 715 1721 recipere,
738 1651 847 1706 obsides
870 1651 923 1707 sibi

72 1726 205 1781 remittat.

126 1808 150 1857 9.
186 1801 291 1868 Quibus
302 1803 338 1857 de
349 1803 432 1858 rebus
444 1803 545 1857 Caesar
556 1804 592 1858 ab
608 1803 706 1858 Crasso
716 1806 818 1859 certior
825 1806 922 1870 factus,

72 1877 147 1946 quod
157 1878 217 1948 ipsc
229 1878 325 1934 aberat
335 1879 449 1948 longius,
462 1895 545 1933 naves
557 1880 668 1934 interim
680 1881 775 1949 longas
784 1880 923 1935 aedificari

72 1953 101 2007 in
113 1953 223 2007 flumine
235 1954 341 2021 Ligere,
354 1955 429 2024 quod
440 1953 531 2008 influit
546 1955 575 2008 in
592 1954 738 2024 Oceanum,
751 1945 874 2025 remiget
885 1972 921 2010 ex

76 2031 216 2084 Provincia
238 2030 352 2097 institui,
372 2025 472 2085 nautad
483 2031 746 2103 gubernatoresque
770 2032 922 2102 comparari
997 2063 999 2070 s

68 2105 158 2174 jubet.
194 2106 247 2161 His
258 2106 341 2160 rebus
353 2107 480 2162 celeriter
491 2107 692 2163 administratis
704 2110 763 2178 ipse
775 2126 859 2178 quum
868 2108 923 2177 pri-

72 2199 147 2237 mum
159 2198 210 2251 per
226 2183 287 2235 anni
306 2186 415 2252 tempus
434 2184 525 2254 potuit
544 2182 582 2238 ad
603 2185 754 2240 exercitum
773 2184 921 2239 contendit

74 2259 175 2313 Veneti
186 2258 361 2329 reliquaeque
377 2259 445 2315 item
461 2260 589 2315 civitates
608 2260 718 2330 cognito
735 2261 860 2315 Caesaris
875 2260 922 2314 ad·

71 2338 156 2390 ventu
168 2335 299 2390 certiores
310 2336 384 2404 faeti,
395 2335 476 2390 simul
489 2336 564 2403 quod
580 2340 713 2406 quantum
728 2337 757 2389 in
773 2353 803 2390 se
813 2337 922 2396 ,facinus

72 2411 247 2466 admisissent
263 2411 461 2481 intelligebant,
476 2412 591 2481 legatos,
603 2413 677 2482 quod
694 2430 792 2468 nomen
806 2411 848 2466 ‘ad
866 2429 923 2466 om·

71 2505 120 2541 nes
143 2487 266 2542 nationes
290 2491 414 2542 sanctum
439 2488 654 2557 inviolatumque
683 2506 790 2558 semper
817 2489 922 2556 fuisset,

72 2567 221 2618 retentosa
238 2580 267 2618 se
283 2569 311 2619 et
327 2564 355 2617 in
374 2564 481 2618 vincula
500 2565 645 2633 conjectos,
664 2580 715 2635 pro
733 2564 923 2633 magnitudine

71 2638 185 2707 periculi
205 2638 308 2694 bellum
328 2656 426 2707 parare
447 2645 476 2695 et
497 2642 615 2696 maxime
638 2659 672 2696 ea
694 2658 765 2711 quac
788 2640 825 2695 ad
843 2653 923 2695 usum

72 2714 181 2769 navium
198 2716 338 2785 pertinent
353 2716 498 2786 providere
514 2718 670 2784 instituunt
686 2718 737 2772 hoc
754 2716 858 2786 majore
874 2732 923 2783 spe

72 2791 146 2858 quod
165 2792 282 2845 multum
296 2795 394 2847 natura
412 2793 464 2847 loci
482 2793 663 2848 confidebant
701 2793 846 2847 Pedestria
863 2807 924 2845 osse

72 2865 173 2920 itinera
206 2868 313 2922 concisa
344 2868 495 2935 aestuariis,
527 2869 728 2938 navigationem
760 2867 923 2936 impeditam

72 2945 185 3008 propter
208 2942 379 2998 inscientiam
402 2945 522 2999 locorum
544 2946 767 3014 paucitatemque
793 2946 923 3013 portuum

74 3015 204 3084 sciebant,
232 3034 322 3085 neque
349 3022 456 3074 nostros
484 3021 621 3076 exereitus
649 3026 762 3090 propter
791 3018 923 3073 frumenti

74 3089 193 3156 inopiam
205 3092 309 3146 diutius
326 3094 399 3163 apud
419 3111 448 3149 se
467 3097 568 3150 morari
585 3113 665 3166 posse
683 3095 873 3159 confidebant;
891 3111 924 3149 ae

73 3162 130 3233 jam
150 3167 182 3218 ut
200 3165 290 3221 omnia
307 3172 402 3225 eontra
419 3169 575 3244 opinionem
594 3171 758 3239 acciderent,
780 3173 924 3252 tamense
974 3177 992 3224 u
1081 3231 1084 3239 ,
