2175 3409
73 104 119 154 ιιι
331 103 359 153 c.
377 101 480 150 sunu
497 101 672 166 cassania·

71 185 171 241 dextra
193 185 274 253 parte
297 182 351 236 alio
375 198 489 237 ascensu
511 197 609 235 manus
638 181 813 238 distinendae
841 201 924 239 causa

70 262 191 316 miserat.
227 258 266 312 Hi
278 258 456 313 similitudine
468 274 607 313 armorum
618 257 796 314 vehementer
813 263 924 315 nostros

71 337 296 406 peremensa
322 349 355 389 ac
378 334 489 389 tametsi
519 333 626 388 dextris
647 334 776 389 ¹humeris
805 338 924 391 exsertis

72 409 367 477 animadvertebantur,
380 410 454 480 quod
465 410 572 478 insigne
583 410 688 480 pacatis
699 427 760 465 esse
772 418 923 480 consuerat,

72 491 165 544 tamen
179 486 209 539 id
225 486 316 555 ipsum
334 487 376 540 sui
393 486 506 540 fallendi
523 502 606 540 causa
623 487 725 541 milites
744 487 779 541 ab
798 489 923 543 hostibus

72 563 175 618 factum
191 561 393 618 existimabant.
431 562 536 616 Eodem
550 566 676 632 tempore
694 565 724 617 L.
743 564 845 618 Fabius
862 581 924 619 ceu-

72 639 146 695 turio
158 639 260 708 quique
273 654 328 693 una
339 655 447 692 murum
460 638 642 693 ascenderant
653 640 830 694 circumventi
839 645 923 709 atque

73 714 210 769 interfecti
220 715 256 768 de
266 730 346 768 muro
355 714 580 784 praecipitantur.
605 716 644 769 M.
654 716 788 783 Petreius,
798 716 922 785 ejusdem

73 790 187 859 legionis
205 790 336 859 centurio,
354 806 437 859 quum
454 794 551 859 portas
567 791 694 846 excidere
711 796 825 847 conatus
842 796 924 860 esset,

73 864 281 922 amultitudiue
298 883 446 936 oppressus
461 883 494 921 ac
512 867 564 921 sibi
582 867 731 937 desperans
748 868 842 922 multis
863 868 923 936 jani

74 942 233 999 vulneribus
244 943 364 1012 acceptis
375 943 590 1013 manipularibus
605 944 662 997 suis
681 946 728 1013 qui
744 944 820 998 illum
837 944 924 998 secuti

74 1024 161 1086 erant,
179 1019 320 1088 Quoniam,
338 1019 435 1089 inquit,
453 1036 498 1074 me
515 1036 570 1073 uua
587 1019 726 1074 vobiscum
744 1037 853 1074 serrare
869 1036 924 1073 non

75 1112 193 1166 possum,
213 1099 322 1150 restrae
339 1094 453 1165 quidem
471 1100 548 1150 certe
567 1097 642 1150 ritae
661 1096 831 1164 prospiciam,
855 1112 925 1164 quos

75 1172 227 1242 cupiditate
237 1171 340 1240 gloriae
352 1171 490 1226 adductus
503 1172 532 1225 iu
549 1172 702 1241 paricidam
717 1172 830 1228 deduxi.
866 1171 925 1225 Vos

76 1249 143 1303 data
152 1248 283 1303 facultate
295 1248 373 1302 vobis
388 1248 526 1303 consulite.
562 1248 648 1302 Simul
664 1248 692 1300 iu
707 1248 813 1301 medios
831 1247 925 1301 hostes

75 1326 182 1394 irrupit,
195 1324 357 1393 duobusque
368 1324 521 1378 interfectis
532 1324 651 1393 reliquos
663 1327 768 1392 aperta
775 1323 924 1392 paullulum

75 1401 221 1456 submovit.
257 1400 424 1455 Conantibus
443 1401 567 1454 auxiliari
592 1400 655 1466 suis,
681 1399 803 1465 Frustra,
827 1399 924 1466 inquit,

76 1493 154 1531 meae
165 1477 239 1529 vitae
250 1474 394 1530 subvenire
402 1476 535 1529 conamini
536 1492 638 1544 ,quem
646 1476 706 1543 jam
717 1475 828 1542 sanguis
842 1475 925 1529 vires·

77 1569 130 1621 que
146 1551 292 1605 deficiunt:
309 1552 423 1620 proinde
440 1551 516 1605 abite
534 1518 600 1606 dum
619 1555 662 1604 est
650 1551 804 1617 t,facultas
822 1566 925 1619 rosque

78 1628 115 1682 ad
129 1627 264 1695 legIonem
284 1628 405 1695 recipite
441 1628 488 1681 lta
504 1643 628 1696 pugnans
644 1630 708 1696 post
725 1626 847 1736 paullum
865 1642 928 1680 con-

77 1705 146 1759 cidit
157 1720 189 1757 ac
201 1703 259 1756 suis
270 1703 350 1758 saluti
363 1704 422 1759 fuit

129 1787 169 1834 51.
192 1779 288 1834 Nostri
300 1796 384 1848 quum
395 1779 517 1849 undique
533 1782 735 1848 premerentur,
749 1793 816 1831 xuv1
832 1781 927 1832 centu-

77 1855 197 1910 rionibus
220 1857 326 1910 amhsis
354 1856 456 1925 dejecti
479 1860 545 1910 sunt
564 1856 638 1921 loco;
661 1855 711 1909 sed
736 1855 926 1908 intolerantius

79 1933 170 1987 Gallos
182 1932 358 1999 insequentes
376 1933 447 2001 legio
464 1947 484 1986 x
501 1931 630 1999 tardavit,
649 1947 720 1999 quae
736 1947 787 2000 pro
805 1929 927 1983 subsidio

78 2009 171 2079 paullo
181 2009 309 2078 aequiore
320 2008 560 2063 locooonstiterat.
595 2007 676 2061 Hanc
688 2022 783 2059 rursus
793 2021 848 2059 xm
860 2005 927 2074 legi·

79 2086 139 2140 onis
157 2085 286 2139 cohortes
305 2087 480 2154 exceperunt,
504 2100 576 2152 quae
599 2100 635 2137 ex
658 2082 756 2137 castris
779 2082 928 2135 minoribus

79 2161 196 2216 eductae
211 2178 273 2215 oum
290 2160 320 2216 Τ.
341 2160 437 2215 Sextio
451 2161 544 2227 legato
567 2159 657 2213 locum
676 2162 806 2228 ceperant
824 2158 928 2227 superi·

79 2254 162 2292 orem.
196 2238 331 2306 Legiones
348 2235 396 2290 ubi
413 2238 531 2305 primum
550 2235 691 2305 planitiem
709 2235 868 2303 attigerunt,
887 2234 928 2287 in-

79 2313 160 2367 icstis
172 2316 267 2367 contra
280 2312 375 2367 hostes
391 2313 477 2382 siguis
493 2311 683 2365 constitenmt.
718 2310 927 2378 Vercingetorix

79 2389 115 2443 ab
130 2389 270 2444 radicibus
286 2388 362 2442 collis
380 2405 444 2443 snos
461 2388 536 2442 intra
551 2387 717 2441 munitiones
734 2386 852 2442 reduxit
888 2388 929 2441 Eo

80 2465 125 2519 die
137 2466 238 2520 milites
250 2468 315 2519 sunt
325 2465 416 2534 paullo
428 2465 518 2518 minus
530 2479 582 2518 nce
593 2463 750 2517 desiderati.

132 2548 172 2595 52.
208 2541 323 2595 Postero
335 2540 381 2594 die
392 2542 493 2596 Caesar
503 2540 628 2594 contione
644 2540 775 2593 advocata
790 2539 929 2593 temerita·

76 2622 138 2672 'tem
150 2617 385 2687 cupiditatemque
396 2617 514 2672 militum
525 2615 710 2685 reprehendit,
724 2614 803 2679 Quod
814 2615 867 2669 sibi
877 2615 931 2683 ipsi
975 2653 978 2658 -

76 2692 277 2762 judicavissent
302 2710 356 2762 quo
383 2692 587 2762 procedendum
617 2695 667 2746 aut
696 2690 764 2761 quid
793 2691 931 2759 agendum

80 2769 227 2837 rideretur,
251 2786 340 2839 neque
364 2770 442 2837 signo
464 2768 616 2839 recipiendi
643 2769 710 2822 dato
734 2767 931 2835 constitissent,

80 2859 171 2911 neque
181 2843 217 2897 ab
226 2844 345 2898 tribunis
356 2847 473 2900 militum
482 2844 635 2914 legatisque
643 2843 757 2898 retineri
764 2843 932 2911 potuissent·

80 2919 204 2982 exposito
215 2919 283 2986 quid
293 2920 423 2993 iniquitas
435 2920 488 2975 loci
503 2924 605 2990 posset,
621 2919 712 2989 quid
703 2935 763 2986 ipse
779 2919 815 2972 ad
834 2920 933 2973 Arari

81 3006 144 3043 cum
160 2994 296 3060 sensisset,
308 3012 391 3062 quum
407 2997 465 3050 sine
481 2996 551 3049 duce
568 2999 598 3049 et
615 2996 674 3049 sine
692 2995 818 3062 equitatu
835 2993 933 3065 depre

82 3062 176 3116 heusis
199 3066 324 3120 hostibus
349 3072 518 3138 exploratam
546 3072 689 3125 victoriam
718 3069 874 3140 dimisisset,
897 3088 934 3126 ue

82 3150 196 3200 parvum
223 3140 305 3193 modo
335 3143 569 3199 detrimentum
561 3163 590 3200 ιιι
617 3146 791 3200 contentione
819 3153 935 3219 propter

15 3279 81 3349 Ι
