2175 3409
496 117 607 165 nmnn
622 117 673 166 vn
891 99 893 102 ’
965 120 1012 169 ιιι

165 196 244 251 bunt:
258 194 298 249 llo
308 196 369 250 tom
380 197 457 251 statu
468 210 513 251 res
524 198 585 251 erat
596 197 629 250 ut
639 194 720 265 longe
731 195 868 267 principes
878 194 1012 252 baberen-

164 275 212 328 tur
226 270 326 338 Aedui,
339 271 487 327 seeundum
498 271 587 325 locum
598 271 741 340 dignitatis
753 272 833 327 Remi
845 273 1010 331 obtinerent.

218 352 259 402 13.
296 348 331 401 In
342 348 415 401 omni
427 348 515 403 Gallia
526 363 620 403 eorum
633 348 780 416 hominum,
789 349 837 419 qni
846 349 937 419 aliquo
946 354 1010 405 sunt

151 438 280 489 ‘numero
302 426 386 492 atque
409 423 518 491 honoro,
535 440 638 492 genera
660 426 725 478 sunt
748 424 817 492 ‚duo;
835 440 898 479 nam
914 424 1011 495 plebes

165 515 253 569 paene
271 514 411 553 servornm
426 495 626 565 habetur'loo'o,
643 516 714 567 quae
728 499 796 553 nibil
810 499 895 554 audet
909 516 960 570 per
973 517 1011 569 se,

166 573 218 644 [et]
230 574 304 636 nullo
316 573 463 628 adhibetur
474 574 594 629 oonsilio.
628 574 766 644 Plerique,
778 592 863 644 quum
881 578 930 630 sut
945 592 1012 631 aere

165 649 255 705 alieno
266 653 315 704 aut
326 649 515 718 magnitudine
531 649 699 704 tributorum
715 654 763 705 aut
777 650 877 718 injuria
892 652 1013 720 potenti-

166 741 244 778 orum
260 729 430 795 premuntur,
447 740 508 779 sese
526 726 556 778 in
575 726 736 781 servitutem
752 726 845 780 dicant
860 726 1013 783 nobilibus:

78 826 80 831 ·
165 801 195 854 in
206 800 256 854 hos
269 801 365 856 eadem
381 801 473 855 omnia
488 804 553 855 sunt
565 801 631 870 jura
646 818 717 872 quae
733 802 850 855 dominis
865 802 894 856 in
910 818 1011 859 servos.

166 875 224 931 Sed
236 877 272 931 de
283 876 326 931 his
338 875 445 930 duobus
455 876 601 944 generibus
613 878 729 932 alterum
738 880 782 932 est
790 877 934 945 Druidum,
942 879 1012 933 alte-

165 967 228 1006 rum
251 953 382 1023 equitum.
421 952 468 1006 llli
490 952 573 1007 rebus
596 953 695 1008 divinis
717 953 863 1021 intersunt,
882 954 1013 1008 sacrificia

166 1026 276 1097 publiea
286 1045 318 1082 ao
335 1029 443 1097 privata
458 1033 614 1098 procurant,
627 1030 773 1098 religiones
788 1030 1012 1097 interpretantur.

168 1103 217 1158 Ad
228 1102 277 1158 hos
286 1120 399 1172 magnus
407 1103 620 1159 adolesoentium
628 1121 758 1159 numerus
767 1103 924 1173 disciplinae
932 1118 1014 1158 musa

166 1179 310 1248 oonourrit,
331 1195 483 1249 magnoque
501 1180 530 1234 hi
552 1184 616 1234 sunt
635 1181 776 1250 apndleos
796 1181 904 1234 honore.
939 1179 1013 1234 Nam

166 1254 226 1309 fere
241 1254 277 1309 de
293 1254 418 1309 omnibus
432 1256 624 1310 controversiis
638 1256 755 1326 publicis
769 1255 937 1325 privatisque
950 1270 1013 1308 eon-

167 1330 303 1397 stituunt3
323 1332 352 1384 et
372 1329 396 1383 si
417 1330 491 1400 quod
511 1333 556 1385 est
575 1331 725 1385 admissum
745 1331 856 1398 facinus,
873 1331 897 1384 si
914 1330 1013 1384 caedes

166 1405 247 1474 foeta,
263 1405 287 1459 si
304 1405 341 1460 de
356 1405 518 1475 hereditate,
534 1406 581 1477 [si]
597 1406 633 1461 do
648 1406 748 1461 finibus
762 1405 946 1461 controversia
960 1409 1014 1473 est,

166 1480 251 1535 iidem
272 1480 435 1547 decernunt;
456 1482 580 1550 praemia
597 1498 753 1553 poenasque
771 1482 946 1537 eonstitnunt
983 1481 1013 1535 si

167 1557 214 1626 qui
225 1560 274 1610 aut
285 1557 406 1625 privatus
422 1559 471 1611 aut
486 1557 602 1626 populus
618 1574 712 1612 eorum
728 1558 840 1613 decreto
854 1573 909 1611 non
924 1558 1013 1625 stetit,

167 1631 307 1685 sacrifieiis
316 1631 492 1686 interdicunt.
528 1632 606 1687 Haec
617 1649 705 1702 poena
716 1632 789 1702 apud
801 1649 848 1687 eos
859 1635 902 1687 est
910 1633 1013 1721 gravis-

168 1706 245 1760 sima.
279 1706 384 1771 Quibus
394 1708 435 1761 ita
447 1711 491 1762 est
502 1707 689 1777 interdictum,
700 1709 729 1761 hi
741 1724 854 1763 numero
866 1708 1013 1778 impiorum

167 1798 200 1841 ao
217 1782 411 1837 sceleratorum
428 1782 579 1838 habentur:
604 1782 662 1853 [ab]
681 1750 726 1838 bis
743 1800 837 1839 omnes
860 1783 1013 1852 disoedunt

166 1851 273 1912 aditum
285 1874 379 1912 eom
377 1871 598 1944 sermonemque
611 1859 753 1928 defugiunt
764 1876 800 1915 ne
817 1859 883 1929 quid
900 1875 934 1914 ex
949 1875 1013 1914 oon-

167 1934 277 2002 tagione
295 1874 458 1992 iurgium&
474 1934 616 2004 accipiant,
632 1951 721 2003 neque
736 1935 780 1990 his
794 1932 977 2005 petentibus
964 1951 1013 2004 Jus

63 2074 67 2084 Ι
168 2008 295 2063 redditur
305 2024 395 2092 neque
406 2009 492 2063 honos
507 2009 579 2063 ullus
594 2009 814 2064 eommunioatnr.
850 2010 903 2064 His
919 2013 1012 2064 autem

168 2083 293 2138 omnibus
305 2068 457 2138 ll‘ruidibus
468 2090 579 2155 praeest
590 2102 668 2151 unus,
680 2086 727 2155 qui
738 2088 870 2140 summam
882 2085 955 2139 inter
966 2101 1013 2139 eos

168 2155 252 2214 habet
274 2151 472 2215 auctoritatem
509 2161 571 2215 Hoc
593 2164 708 2230 mortuo,
731 2161 755 2215 si
776 2161 878 2231 quiex
900 2159 1013 2229 reliquis

167 2235 277 2289 excellit
300 2234 443 2303 dignitate,
468 2236 603 2292 suooedit:
624 2240 654 2291 at
677 2237 700 2290 si
724 2239 788 2291 sunt
810 2236 903 2306 plnres
925 2252 1013 2305 peres,

168 2310 296 2379 suffragio
305 2310 442 2364 Druidum
450 2310 614 2382 [allegitur]
626 2328 828 2380 nonnumquam
837 2312 920 2367 etrum
930 2311 1013 2366 armis

169 2384 205 2440 de
223 2385 378 2455 principatu
397 2386 575 2442 oontendunt.
611 2387 651 2442 Hi
669 2391 745 2441 oerto
763 2388 825 2441 anni
843 2380 992 2461 tempore
984 2404 1013 2441 m

168 2460 269 2515 finibus
281 2462 431 2517 Carnutum
433 2479 524 2533 ,quae
535 2464 612 2533 regio
623 2463 709 2517 totius
719 2463 824 2518 Galliae
832 2456 1013 2519 mediababe

168 2539 223 2605 tur,
234 2537 397 2591 considunt
388 2555 417 2592 m
431 2539 490 2593 looo
506 2543 669 2595 consecrato.
706 2539 770 2593 Huc
784 2555 877 2593 omnes
891 2539 1013 2609 undique

169 2613 217 2681 qni
230 2614 426 2668 controversias
437 2613 541 2669 habent
552 2616 715 2670 conveniunt
715 2632 884 2685 ‚eorumque
895 2615 1014 2672 decretis

163 2672 350 2770 judiciisqdis
359 2694 464 2779 parent
503 2691 686 2761 Disciplina
678 2708 707 2745 m
735 2690 877 2746 Britannia
903 2696 1014 2761 reperta

168 2767 253 2833 atque
271 2753 367 2819 inde
358 2782 387 2819 ιιι
411 2766 527 2821 Galliam
550 2767 685 2821 translata
702 2783 762 2821 esse
779 2766 967 2833 existimatum
984 2769 1014 2821 et

168 2853 248 2907 nuno,
264 2839 312 2909 qui
330 2840 489 2910 diligentius
505 2859 566 2897 eam
582 2860 641 2897 rem
656 2858 819 2911 cognoscere
836 2842 939 2911 volunt,
956 2843 1014 2912 ple

168 2930 288 2984 nmque
296 2916 343 2970 illo
355 2917 478 2971 discendi
489 2934 570 2972 causa
581 2918 798 2987 proficiscuntur.

222 2996 264 3045 14.
299 2992 418 3047 Druides
437 2993 540 3047 abello
559 2994 655 3048 abesse
673 2997 845 3063 oonsuenmt,
859 3009 950 3063 neque
964 2992 1014 3047 tri·

168 3065 237 3119 buta
256 3083 311 3121 una
334 3084 396 3122 oum
416 3068 529 3137 reliquis
550 3069 689 3138 pendunt3
708 3069 823 3124 militiae
842 3068 1013 3123 vacationem

166 3142 344 3220 omniumque
360 3159 452 3199 rernm
469 3144 573 3199 habent
589 3143 796 3200 immunitatem.
832 3143 925 3198 Tantis
942 3141 1014 3195 exei-
