2175 3409
88 132 136 186 176
353 131 382 177 Ο.
399 130 417 178 J
420 130 503 179 ULII
520 129 696 179 CAESARIS

138 216 181 267 28.
216 211 377 280 Insequenti
389 214 470 265 nocte
483 211 585 265 Fabius
602 211 710 280 equites
726 213 883 282 praemittit
901 214 944 269 sic
1057 235 1071 263 ι

88 289 199 358 paratos
211 290 244 341 ut
254 287 433 355 confligerent
449 290 533 357 atquc
545 304 625 342 omne
643 305 741 357 agmen
759 293 943 358 morarentur,

89 364 156 417 dum
167 367 382 430 consequeretur
394 363 461 432 ipse.
488 363 578 432 Cujus
586 366 741 433 praeceptis
753 369 786 420 ut
802 382 848 420 res
863 383 944 435 gere-

88 434 174 497 retur,
195 431 226 494 Q.
246 432 330 484 Atius
348 430 440 485 Varus
463 433 619 501 praefectam
643 434 776 502 equitum,
796 435 945 502 singularis

88 510 119 561 et
129 506 213 560 animi
224 509 254 561 et
265 506 430 574 prudentiae
442 508 493 576 vir,
502 525 567 562 suos
575 508 712 577 hortatur,
719 526 872 579 agmenque
880 510 945 564 hos-

88 583 158 637 tium
177 587 338 637 consecutus
357 586 463 638 tmmas
481 584 583 654 partim
602 584 708 639 idoneis
726 586 792 639 locis
810 585 943 654 disponit,

89 658 190 728 partim
203 659 327 727 equitum
343 659 477 728 proelium
489 660 645 714 committit.
667 661 799 715 Consistit
811 661 944 716 audacius

88 735 228 802 equitatus
240 734 361 789 hostium
376 735 586 789 succedentibus
598 736 650 789 sibi
661 736 809 806 peditibus,
821 737 869 805 qui
881 741 944 790 toto

89 810 198 879 agmine
210 809 390 864 subsistentes
402 811 541 880 equitibus
553 812 609 865 suis
621 817 717 867 contra
728 817 837 866 nostros
848 812 944 867 ferunt

89 887 228 941 auxilium.
265 886 312 940 Fit
323 886 457 955 proelium
469 888 525 941 acri
537 888 700 943 certamine:
717 905 835 958 namque
853 889 943 942 nostri

89 962 254 1032 contemptis
277 963 367 1031 pridie
388 963 525 1032 superatis
551 964 684 1030 hostibus,
706 980 791 1032 quum
811 963 943 1032 subsequi

89 1040 210 1108 legiones
228 1039 425 1106 meminissent,
442 1041 472 1092 et
490 1038 596 1108 pudore
609 1040 726 1094 cedendi
741 1044 772 1093 et
789 1039 944 1108 cupiditate

89 1131 180 1184 perse
196 1114 356 1169 conficiendi
368 1114 466 1184 proelii
477 1114 625 1168 fortissime
633 1118 729 1169 contra
742 1115 851 1184 pedites
862 1131 944 1185 proe-

89 1192 206 1257 liantur;
225 1190 373 1259 hostesque
391 1190 458 1243 nihil
479 1190 595 1258 amplius
614 1190 753 1260 copiarum
768 1206 944 1245 accessurum

90 1266 243 1334 credentes,
269 1269 303 1320 ut
327 1266 417 1335 pridie
441 1269 632 1335 cognoverant,
661 1266 772 1320 delendi
801 1267 944 1335 equitatus

90 1342 178 1397 nostri
189 1342 262 1396 nacti
275 1342 441 1396 occasionem
453 1339 625 1396 videbantur.

142 1424 185 1473 29.
220 1418 310 1482 Quum
333 1416 500 1487 aliquamdiu
527 1433 634 1470 summa
661 1418 835 1471 contentione
864 1417 945 1472 dimi-

90 1497 208 1561 caretur,
221 1492 376 1548 Dumnacus
393 1493 507 1547 instruit
525 1494 612 1547 aciem
623 1509 694 1561 quae
706 1492 763 1546 suis
775 1496 849 1548 esset
866 1494 945 1562 equi·

89 1570 165 1625 tibus
196 1571 225 1623 in
255 1568 342 1623 vicem
370 1568 515 1637 praesidio.
558 1570 625 1623 'lum
655 1572 771 1638 repente
802 1570 944 1625 confertae

90 1645 212 1713 legiones
223 1643 252 1697 in
264 1646 440 1713 conspectum
457 1643 579 1700 hostium
596 1644 716 1699 veniunt.
754 1643 859 1709 Quibus
877 1644 944 1700 visis

90 1719 232 1790 perculsae
239 1718 418 1773 barbarorum
424 1723 541 1788 turmae,
547 1718 772 1790 [ac]perterritae
779 1719 850 1773 acies
856 1719 944 1774 hosti-

90 1814 145 1864 um,
152 1794 316 1866 perturbato
327 1795 586 1864 impedimentorum
598 1796 706 1863 agmine
717 1810 816 1863 magno
823 1795 944 1850 clamore

91 1874 270 1941 discursuque
282 1872 383 1941 passim
394 1871 476 1938 fugae
484 1870 661 1925 semandant.
682 1872 723 1925 At
730 1869 817 1924 nostri
826 1871 944 1939 equites,

91 1949 138 2019 qui
149 1948 241 2017 paullo
252 1951 318 2002 ante
329 1963 391 2002 cum
399 1946 591 2001 resistentibus
599 1946 749 2000 fortissime
755 1945 944 2014 conflixerant,

91 2026 197 2081 laetitia
213 2025 343 2079 victoriae
359 2023 432 2090 elati,
445 2034 544 2089 magno
561 2021 685 2091 undique
698 2021 816 2076 clamore
833 2020 945 2076 sublato

92 2101 254 2158 cedentibus
265 2099 428 2166 circumfusi,
440 2110 572 2166 quantum
588 2114 719 2165 equorum
737 2097 810 2151 vires
827 2096 864 2150 ad
880 2113 945 2165 per-

92 2177 263 2247 sequendum
286 2174 456 2241 dextraeque
472 2173 509 2227 ad
526 2172 698 2227 caedendum
714 2172 815 2239 valent,
833 2175 945 2226 tantum

91 2269 125 2307 eo
152 2251 256 2321 proelio
279 2249 455 2306 interficiunt.
494 2248 596 2317 Itaque
618 2247 747 2318 amplius
760 2247 870 2301 milibus
897 2262 945 2302 ΧΠ

92 2331 141 2383 aut
157 2330 325 2381 armatorum
340 2329 390 2380 aut
404 2340 497 2379 eorum
511 2325 560 2393 qui
571 2324 671 2379 timore
682 2340 758 2377 mma
770 2322 946 2391 projecerant

92 2402 244 2458 interiectis
255 2402 342 2460 omnis
353 2400 501 2454 multitudo
513 2399 621 2469 capitur
631 2398 897 2468 impedimentorum.

144 2485 186 2534 30.
204 2480 265 2544 Qua
276 2495 311 2533 ex
317 2478 383 2545 fuga
390 2492 474 2545 quum
483 2477 623 2529 constaret
632 2474 790 2543 Drappeten
798 2474 946 2542 Senonem,

93 2555 159 2624 (qui,
171 2557 205 2609 ut
215 2554 335 2624 primum
347 2552 488 2606 deiecerat
500 2550 596 2615 Gallia,
608 2550 729 2604 collectis
741 2548 864 2618 undique
881 2564 947 2617 per-

93 2631 161 2685 ditis
172 2629 336 2698 hominibus,
348 2627 435 2682 servis
446 2626 483 2680 ad
496 2626 655 2679 libertatem
672 2625 783 2689 vocatis,
801 2622 946 2678 exsulibus

93 2706 214 2760 omnium
232 2705 373 2760 civitatum
387 2702 508 2770 adscitis,
521 2700 642 2770 receptis
659 2699 810 2754 latronibus
827 2698 946 2768 impedi-

93 2784 187 2835 menta
199 2783 229 2834 et
241 2782 408 2834 commeatus
421 2778 607 2831 Romanorum
618 2775 812 2844 interceperat)
823 2789 877 2827 non
885 2791 947 2828 am-

93 2855 166 2924 plius
178 2854 318 2908 hominum
336 2869 360 2908 11
373 2853 483 2907 milibus
499 2870 534 2908 ex
551 2853 617 2920 fuga
634 2852 754 2906 collectis
772 2849 946 2905 Provinciam

94 2932 198 2996 petere,
209 2944 319 2997 unaque
331 2928 472 2982 consilium
484 2945 545 2982 cum
564 2944 596 2981 eo
611 2926 769 2996 Lucterium
788 2925 947 2987 Cadurcum

95 3001 206 3068 cepisse,
225 3020 308 3071 quem
324 3003 463 3070 superiore
474 3003 668 3057 commentario
683 3002 771 3070 prima
788 3000 947 3056 defectione

95 3073 201 3125 Galliae
212 3076 301 3128 facere
312 3078 341 3129 in
355 3079 524 3132 Provinciam
533 3079 668 3147 impetum
676 3076 793 3131 voluisse
802 3076 948 3143 cognitum

95 3146 146 3206 est,
167 3145 296 3200 Caninius
313 3150 421 3216 legatus
441 3168 503 3206 cum
520 3153 673 3222 legionibus
690 3166 713 3204 11
730 3152 767 3205 ad
784 3167 832 3206 eos
849 3167 948 3219 perse-
