2175 3409
529 123 640 173 LIBER
655 123 689 175 V.

187 206 279 261 monio
294 206 432 261 Ciceronis
448 207 620 273 cognoverat.
656 205 700 261 De
712 224 777 263 casu
788 209 882 265 Sabini
896 212 926 264 et
937 129 1038 264 coceii

187 283 289 337 certius
311 298 347 336 ex
370 281 486 352 captivis
511 280 656 347 cognoscit.
693 283 813 339 >Postero
841 285 888 340 die
911 285 1036 339 contione

187 357 281 412 habita
297 374 355 412 reru
370 361 478 429 gestaru
494 356 630 426 proponit,
644 357 745 414 milites
760 361 916 415 consolatur
931 363 960 414 et
975 377 1036 414 con-

187 432 292 504 firmat:
310 433 385 502 quod
397 433 594 488 detrimentum
602 433 681 502 culpa
691 439 722 489 et
733 437 891 491 temeritate
903 436 987 504 legati
999 436 1036 490 sit

186 512 336 577 acceptum,
356 509 408 566 ho'c
430 509 561 576 aequiore
579 507 669 563 animo
690 510 834 565 ferendum
853 511 942 578 docet,
961 512 1036 580 quod

186 583 319 639 beneficio
331 585 445 639 deorum
456 584 651 638 immortalium
663 589 693 640 et
704 589 808 640 virtute
819 604 913 641 eorum
925 553 1036 673 expiato

186 660 356 716 incommodo
372 677 462 729 neque
478 657 605 713 hostibus
620 659 727 715 diutina
740 662 853 716 laetatio
867 678 957 742 neque
968 661 1044 730 ipsis,

186 736 291 804 longior
302 736 382 790 dolor
392 736 593 804 relinquatur

238 819 279 867 53.
316 813 433 868 Interim
455 812 495 865 ad·
511 811 664 866 Labienum
685 829 736 884 per
756 814 857 869 Remos
880 813 1034 869 incredibili

185 878 327 944 celeritate
338 889 375 943 dc
386 881 501 943 victoria
513 887 640 943 Caesaris
653 888 726 944 lama
738 890 886 958 perfertur,
898 894 938 957 ut,
949 906 1034 959 quum

185 963 221 1018 ab
232 963 353 1018 hibernis
365 963 504 1019 Ciceronis
516 963 592 1017 milia
602 980 731 1031 passuum
746 965 855 1022 abesset
868 966 977 1021 circiter
988 981 1033 1032 ux,

185 1055 273 1108 eoque
288 1044 351 1109 post
366 1040 461 1094 horam
477 1056 577 1093 nonam
594 1039 651 1098 diei
663 1041 764 1095 Caesar
779 1042 956 1112 pervenisset,
968 1045 1034 1095 ante

184 1114 304 1168 mediam
319 1119 428 1169 noctem
446 1114 483 1169 ad
503 1119 610 1183 portas
617 1120 768 1171 castrorum
787 1118 888 1172 damur
907 1117 1033 1185 oriretur,

185 1205 240 1258 quo
258 1190 374 1245 clamore
388 1190 551 1258 significatio
567 1190 697 1245 victoriae
712 1192 915 1261 gratrdatioque
928 1192 963 1246 ab
978 1192 1034 1256 lte-

183 1263 236 1318 mis
249 1265 370 1319 Labieno
386 1265 472 1320 fieret
509 1266 571 1320 Hac
586 1265 659 1320 lama
674 1267 712 1320 ad
723 1268 849 1322 Treviros
864 1268 972 1336 perlata
988 1267 1034 1322 lu-

181 1332 363 1409 duciomarus,
380 1342 428 1410 qui
445 1343 561 1410 postero
576 1341 622 1396 die
640 1346 730 1397 eastra
746 1343 860 1399 Labieni
865 1359 1034 1432 oppugnare

183 1415 352 1481 decreverat,
363 1419 447 1472 noctu
459 1416 584 1485 profugit
595 1417 741 1485 copiasque
755 1435 850 1473 omnes
862 1419 895 1473 in
906 1419 1033 1473 'l'reriros

183 1491 297 1548 reducit.
333 1493 435 1547 Caesar
459 1491 576 1549 Fabium
594 1509 657 1546 cum
676 1509 726 1548 sua
744 1494 850 1562 legione
867 1495 950 1549 remit
938 1495 1013 1549 ιιιι
1005 1512 1032 1548 ιιι

183 1566 302 1635 hiberna,
319 1568 379 1636 ipse
393 1584 456 1622 cum
471 1583 507 1622 ιιι
524 1567 678 1636 legionibus
694 1563 795 1624 circum
813 1569 1031 1624 Samarobrivam

183 1642 262 1696 trinis
277 1643 399 1697 hibernis
414 1643 535 1697 hiemare
550 1644 709 1710 constituit;
725 1649 755 1699 et
768 1644 846 1715 quad
856 1647 929 1700 tanti
939 1649 1032 1700 motus

183 1717 287 1772 Galliac
311 1720 483 1784 exstiterant,
501 1721 590 1772 totam
612 1718 730 1775 hiemem
748 1720 808 1790 ipse
825 1722 863 1775 ad
880 1722 1031 1777 exercitum

97 1794 112 1849 “,
163 1809 293 1848 ιιιιιιιιιι
303 1794 434 1849 decrevit
469 1794 541 1847 Nem
553 1793 1032 1852 illoincommodcchabinimorte

181 1868 296 1938 perlato,
309 1885 403 1924 omnes
419 1869 477 1924 iere
494 1869 598 1924 Galliac
614 1870 741 1926 civitatee
756 1871 793 1927 de
807 1871 881 1927 bello
896 1873 1032 1927 consulta-

181 1943 256 2011 bant,
263 1945 376 1999 nuncios
387 1944 592 2014 legationesque
600 1946 629 2004 iu
638 1962 732 2001 omnes
743 1951 836 2016 partes
846 1948 1031 2014 dimittebant,

181 2022 211 2075 et
221 2019 401 2089 quidreliqui
412 2020 516 2075 consilii
528 2024 660 2090 saperent
668 2025 753 2091 atque
760 2023 837 2077 unde
846 2023 955 2077 initium
964 2023 1031 2078 belli

181 2095 262 2151 fieret
273 2095 460 2165 explorabant,
473 2099 661 2165 nocturnaque
672 2097 700 2151 in
712 2098 778 2152 locis
790 2098 908 2154 desertis
919 2098 1032 2169 consilia

181 2170 327 2227 habebant
362 2172 462 2241 Neque
473 2171 560 2225 ullum
571 2172 629 2227 lere
640 2173 727 2228 totius
740 2173 838 2228 hiemis
851 2177 960 2242 tempus
972 2174 1030 2227 siue

181 2246 364 2301 sollicitudine
382 2247 507 2302 (laesuris
522 2247 685 2314 intercessit,
702 2249 769 2317 quin
784 2249 903 2318 aliquem
919 2249 955 2303 de
971 2264 1031 2304 oon-

180 2321 249 2375 ciliis
265 2338 297 2376 ac
313 2326 391 2376 motu
407 2323 548 2397 Gallorum
564 2324 692 2378 nuncium
707 2323 850 2393 acciperet
888 2326 922 2378 ln
936 2324 979 2379 his
994 2324 1030 2378 ab

181 2396 212 2451 Ιι.
230 2397 327 2452 Roscio
343 2399 440 2467 legato,
453 2414 546 2467 quem
552 2397 652 2468 legioni
667 2413 723 2454 x111
737 2400 916 2470 praefecerat,
929 2401 1031 2455 certior

180 2471 270 2526 factm
290 2476 334 2527 est
356 2490 487 2542 magnas
484 2475 633 2536 Gallorum
654 2475 744 2545 copias
765 2492 860 2531 earum
879 2476 1029 2545 civitatum,

180 2564 252 2617 quae
264 2549 424 2617 Armoricae
440 2550 620 2620 appellantur,
632 2552 807 2620 oppugnandi
819 2545 867 2607 eui
874 2569 956 2608 causa
967 2570 1029 2607 cou-

180 2624 294 2689 rcnisse,
312 2641 402 2695 neque
419 2626 526 2695 longius
542 2626 618 2680 milia
634 2643 764 2695 passuum
781 2643 836 2682 vm
853 2629 889 2683 ab
906 2629 1029 2683 hibernis

180 2698 237 2753 suis
260 2699 381 2754 abfuisse
388 2721 395 2766 ;
419 2702 469 2755 sed
492 2703 589 2756 nuncio
612 2701 695 2756 allato
713 2702 750 2758 de
771 2704 885 2760 victoria
906 2703 1030 2760 Caesaris

99 2781 103 2788 '
179 2773 338 2831 (ιιιιιιιιιιι
350 2775 419 2831 adeo
430 2780 463 2830 ut
473 2777 555 2845 fugae
566 2777 663 2832 similis
673 2778 808 2834 (ιιιιιιιιιι
820 2780 969 2835 videretur.

232 2855 274 2904 54.
294 2851 336 2906 At
355 2851 455 2907 Caesar
474 2853 644 2922 principibus
658 2854 791 2923 cujusque
811 2855 932 2911 civitatis
946 2855 984 2908 ad
999 2870 1029 2909 ee

180 2926 307 2995 evocatis,
320 2926 386 2981 alias
397 2929 559 2996 territando,
571 2945 657 2998 quum
669 2945 699 2983 se
710 2931 780 2985 scire
792 2947 862 3000 quae
873 2932 972 2985 fierent
984 2930 1030 2983 de-

179 3002 328 3071 nunciarel,
340 3002 407 3058 alias
422 3003 599 3073 cohortando,
615 3020 741 3073 magnam
758 3010 866 3075 partem
884 3005 989 3060 Galliae
1000 3004 1029 3056 in

179 3076 267 3132 officio
278 3078 377 3135 tenuit.
405 3079 506 3136 Tamen
516 3081 646 3147 Senones,
654 3096 726 3148 quae
737 3085 781 3135 est
789 3081 883 3136 civitas
894 3080 923 3133 in
934 3078 1029 3146 primis

177 3152 260 3209 firma
279 3157 309 3211 et
327 3171 443 3224 magnae
460 3156 535 3211 inter
554 3155 647 3212 Gallos
665 3156 844 3223 auctoritatis,
866 3153 1028 3210 Cavarinum
