2175 3409
79 118 111 165 92
332 113 361 161 Ο.
379 113 483 164 JULII
499 112 674 162 CAESARIS

76 194 160 248 licere
171 192 226 247 illis
241 192 421 247 incolumibus
434 209 532 262 perse
548 209 583 247 ex
598 192 719 248 hibernis
736 193 886 264 discedere,
897 201 929 253 et

76 285 261 338 quascumque
272 269 301 322 in
312 272 406 337 partes
417 268 502 323 velint
511 268 570 323 sine
579 272 654 323 metu
662 270 803 338 proticisci.
832 273 928 328 Cicero

77 344 114 398 ad
123 344 193 400 haec
203 360 288 398 unum
299 344 381 398 modo
392 344 548 414 respondit:
560 344 587 397 N
588 361 623 397 on
635 362 695 400 esse
704 349 929 404 consuetudinem

77 419 170 488 populi
183 417 297 473 Romani
309 419 392 473 ullam
403 420 526 489 accipere
537 419 574 475 ab
585 420 665 475 hoste
678 427 785 477 armato
799 424 931 478 conditio-

77 510 153 550 nem:
170 496 194 549 si
208 494 245 548 ab
256 496 339 548 armis
355 495 499 550 discedere
515 495 610 563 velint,
627 512 658 549 se
673 496 801 565 adjutore
815 502 930 554 utantur

77 571 237 641 legatosque
248 571 285 624 ad
301 571 446 626 Gaesarem
464 571 593 627 mittant:
609 588 721 641 sperare
735 589 786 642 pro
801 573 861 643 ejus
871 574 931 644 jus-

77 645 141 700 titia
152 662 223 714 quae
234 646 365 714 petierint
377 647 581 716 impetraturos
619 690 622 696 .

129 726 172 776 42.
209 721 256 776 Ab
278 722 329 776 hac
346 738 395 791 spe
412 722 514 791 repulsi
532 723 628 778 Nervii
645 723 716 778 vello
733 724 834 793 pedum
852 740 883 780 1x
900 730 931 781 et
966 757 968 760 ·

77 797 266 866 fossa..pedum
280 812 318 851 xv
334 797 448 853 hiberna
464 798 584 866 cingunt
620 800 700 854 llaec
714 804 744 854 et
759 801 930 869 superiorum

77 889 209 927 annorum
221 874 416 929 consuetudine
425 875 461 929 ab
470 874 549 928 nobis
557 879 747 943 cognoverant,
756 880 786 931 et
795 877 930 945 quosdam

78 949 115 1004 dc
125 949 247 1004 exercitu
259 950 333 1003 nacti
345 950 466 1020 captivos
478 949 513 1004 ab
529 950 573 1004 his
589 951 773 1017 docebantur3
791 952 843 1006 sed-
856 952 931 1006 nulla

77 1024 304 1080 ferramentorum
328 1011 412 1096 copia*
422 1043 493 1095 quae
510 1031 585 1081 esset
602 1026 721 1102 adhunc
732 1043 812 1081 usum
823 1027 930 1096 idonea,
970 1039 974 1050 ¹

77 1101 175 1169 gladiis
186 1102 303 1169 cespites
314 1102 516 1171 circumcidere,
524 1102 651 1156 manibus
662 1104 819 1173 sagulisque
826 1108 932 1158 terram

78 1177 223 1232 exhaurire
246 1178 420 1245 cogebantur.
458 1178 518 1243 Qua
541 1177 655 1247 quidem
679 1195 713 1232 ex
737 1195 768 1232 re
791 1179 931 1233 hominnm

78 1253 226 1308 multitudo
249 1255 374 1321 cognosci
400 1255 505 1322 potnit:
532 1270 596 1307 nam
622 1254 713 1308 minus
739 1254 814 1308 horis
840 1254 932 1308 tribus

78 1328 183 1382 milium
194 1345 323 1397 passuum
335 1345 372 1383 xv
384 1330 411 1383 iu
423 1330 538 1383 circuitu
550 1330 727 1383 munitionem
738 1331 929 1398 perfecerunt:

78 1403 246 1471 reliquisque
268 1403 365 1458 dicbus
388 1408 479 1458 turres
501 1405 539 1458 ed
562 1404 737 1459 altitudinem
760 1405 831 1472 valli,
848 1405 931 1460 falces
977 1440 984 1453 ·

79 1478 294 1546 testudinesque,
310 1495 379 1546 quas
394 1479 479 1534 iidem
494 1480 595 1548 captivi
611 1480 769 1549 docuerunt,
784 1496 881 1549 parare
898 1497 933 1535 ae

78 1554 338 1622 facerecoeperunt.
934 1597 940 1602 ,

130 1634 171 1683 4³.
207 1628 330 1698 Septimo
337 1629 547 1699 oppugnationis
555 1629 600 1683 die
612 1631 730 1685 maximo
741 1635 836 1686 coortu
848 1635 932 1687 vento

78 1706 215 1759 ferventes
237 1688 363 1759 fusili'ex
381 1705 478 1773 argilla
494 1705 610 1773 glandes
627 1706 719 1760 fundis
736 1710 766 1761 et
782 1708 931 1762 fervefacta
965 1747 975 1760 .

73 1779 166 1848 jacula
188 1781 217 1834 in
240 1796 323 1848 casas,
346 1797 416 1849 quae
440 1797 516 1834 more
539 1781 641 1835 Gallico
665 1784 823 1837 stramentis
851 1786 931 1838 erant

78 1859 175 1921 tectae,
182 1856 277 1923 jacere
288 1859 442 1925 ooopemnt
481 1857 543 1910 Hae
558 1856 686 1912 celeriter
702 1858 793 1926 ignem
809 1874 931 1928 eompre-
954 1897 957 1904 .

78 1930 234 1986 henderunt
249 1934 279 1985 et
296 1932 371 1986 venti
387 1931 575 2001 magnitudine
592 1932 620 1986 in
636 1948 746 1988 omnem
764 1934 852 1987 locum
874 1949 932 1988 cas·

78 2013 183 2061 trorum
192 2007 364 2061 distulerunt.
396 2007 625 2062 Hostesmaximo
635 2008 752 2062 clamore
761 2009 841 2064 sicuti
850 2013 932 2078 parta

75 2084 135 2152 jam
146 2087 229 2152 atque
241 2083 382 2151 explorate
393 2084 506 2138 victoria
516 2087 608 2138 turres
623 2083 832 2154 testudinesque
847 2101 930 2152 agere

78 2164 108 2214 et
120 2159 199 2216 scalis
210 2159 310 2214 vallum
320 2160 468 2214 ascendere
479 2163 635 2227 coeperunt.
670 2161 712 2214 At
723 2163 801 2214 tanta
812 2160 930 2214 militurn

79 2237 164 2289 virtus
175 2237 260 2304 atque
271 2251 306 2288 ea
317 2235 472 2305 praesentia
487 2236 571 2289 animi
587 2236 641 2289 fuit
655 2239 695 2300 ut,
708 2251 792 2303 quum
807 2235 931 2305 undiquc

78 2312 187 2366 flamma
209 2315 381 2367 torrerentur
409 2311 582 2379 maximaque
608 2311 726 2366 telorum
751 2310 930 2365 multitudine

78 2390 269 2456 premerentur
286 2403 389 2454 suaque
412 2387 503 2441 omnia
520 2386 717 2455 impedimenta
734 2391 819 2455 atque
835 2402 931 2442 omnes

78 2464 201 2517 fortunas
213 2463 379 2532 conflagrare
390 2462 584 2530 intelligerent,
595 2478 649 2516 non
660 2463 742 2516 modo
758 2463 930 2531 demigrandi

79 2556 160 2595 cansa
171 2539 207 2594 de
217 2539 289 2594 vallo
300 2538 447 2594 decederet
462 2554 550 2606 nemo,
562 2537 612 2591 sed
628 2554 715 2612 paene
729 2555 765 2592 ne
781 2540 931 2608 respiceret

79 2616 190 2684 quidem
203 2617 354 2686 qnisquam,
367 2632 399 2669 ac
410 2619 470 2671 tum
482 2630 577 2669 omnes
586 2615 718 2668 acerrime
727 2615 931 2684 fortissimeque

66 2686 240 2761 'pugnarent
273 2691 328 2746 Hic
337 2692 396 2746 dies
407 2692 508 2747 nostris
519 2690 600 2758 longe
611 2690 786 2758 gravissimus
797 2691 864 2757 init,
880 2691 930 2745 sod

78 2772 171 2822 tamen
183 2768 255 2821 hunc
265 2767 362 2822 habuit
373 2771 500 2822 eventum
512 2770 545 2820 ut
557 2782 589 2820 eo
601 2765 647 2821 die
655 2766 790 2821 maximus
801 2783 931 2821 numerus

79 2844 197 2897 hostium
220 2843 409 2898 vulneraretur
431 2847 514 2913 atque
535 2842 746 2910 interficeretur,
766 2846 800 2897 ut
823 2859 853 2897 se
879 2842 931 2897 sub

78 2919 138 2986 ipso
149 2918 220 2973 vallo
231 2919 449 2987 constipaverant
460 2935 651 2988 recessumque
662 2918 757 2988 primis
771 2916 861 2973 ultimi
875 2933 930 2971 non

79 2992 190 3047 dabant
226 2993 351 3046 Paullum
358 2993 469 3061 quidem
480 2994 637 3049 intermissa
647 2994 761 3059 flamma,
772 2997 801 3048 et
810 2992 931 3061 quodam

79 3067 137 3118 loco
148 3068 219 3120 turri
230 3066 328 3121 adacta
339 3071 369 3122 ct
383 3070 559 3137 contingente
575 3070 683 3136 vallum,
695 3069 796 3122 tertiae
812 3068 931 3123 cohortis

80 3141 252 3195 centra-iones
263 3157 299 3195 ex
310 3158 343 3197 eo
355 3159 409 3211 quo
417 3145 534 3198 stabant
549 3145 608 3200 loco
624 3147 797 3204 recesserunt
811 3159 935 3215 suosque

270 3220 635 3367 effrataeus
