2175 3409
67 42 99 89 26
211 43 216 54 ’
322 41 353 93 (i.
371 41 472 92 JULII
489 42 664 92 CAESARIS

64 118 211 173 suetudine
227 118 326 174 utebat
314 123 367 187 t‚ur
385 120 507 189 et'quod
524 120 553 175 in
571 137 604 175 eo
621 120 752 190 peccandi
771 120 916 177 Germanis

64 211 145 249 eausa
167 211 223 249 non
240 199 322 263 esset,
330 161 376 249 ad
393 213 456 251 eum
473 198 595 265 mittere,
613 201 643 252 et
661 197 699 251 M.
717 196 849 252 Mettium
868 198 915 266 qni

63 269 209 339 hospitio
208 270 343 338 Ariovisti
358 274 399 325 ut
387 271 504 327 t.ebatur
546 273 600 327 His
623 272 765 327 mandavit
788 277 822 326 ut
845 290 916 342 quae

63 345 170 400 diceret
194 331 352 400 Ariovistus
376 351 572 415 cognoscerent
595 351 625 402 et
652 348 688 401 ad
716 364 746 403 se
773 349 916 402 referrent

64 410 151 486 Quos
150 438 235 491 quum
254 421 328 490 apud
344 438 375 477 se
388 424 416 477 in
433 423 531 477 castris
549 424 673 478 Ariorist
674 440 706 477 ιιι
721 424 916 493 conspexisset,

62 497 186 552 exercitu
210 512 259 550 suo
270 499 422 566 praesente
439 498 631 553 conclamavit:
650 498 723 563 Quid
739 497 776 551 ad
794 515 824 553 se
841 500 916 553 veni·

62 573 141 626 renti
160 588 195 626 an
207 572 363 641 speculandi
376 575 477 629 causat
512 572 650 628 Conantes
667 573 760 628 dicere
775 573 917 643 prohibuit

62 649 92 701 et
103 646 132 701 ιιι
144 650 254 701 catenas
265 648 390 717 conjecit.

113 727 154 778 48.
191 722 295 778 Eodem
308 723 355 778 die
367 726 458 778 castra
469 724 607 793 promovit
618 727 648 779 et
659 723 770 778 milibus
785 741 915 793 passuum

60 812 109 850 sex
127 814 144 852 a
162 798 288 853 Caesaris
305 799 404 854 castris
422 799 585 853 submonte
609 800 740 853 consedit
776 800 915 854 Postridie

61 871 122 940 ejus
130 873 189 928 'diei
201 876 313 943 praeter
325 878 416 928 castra
428 875 555 929 Caesaris
571 891 634 928 suas
649 875 741 944 copias
757 875 915 943 transduxit

60 950 90 1002 et
114 948 224 1003 milibus
242 965 372 1018 passuum
390 948 498 1003 duobus
515 949 589 1003 ultra
601 966 665 1003 eum
682 953 774 1004 castra
790 951 866 1019 iecit,
881 968 915 1004 eo

60 1025 172 1079 consilio
183 1025 226 1080 ιιιι
237 1025 376 1079 frumento
388 1027 604 1098 commeatuque,
617 1026 666 1095 qui
682 1042 717 1080 ex
733 1025 867 1099 Sequanis
884 1030 914 1080 et

60 1100 169 1155 Aeduis
186 1104 403 1169 supportaretur,
420 1101 565 1155 Caesarem
582 1100 786 1155 intercluderet
821 1102 863 1154 Ex
881 1117 914 1156 eo

59 1175 105 1229 die
117 1176 177 1231 dies
188 1176 331 1231 continuos
343 1176 465 1246 quinque
476 1177 576 1231 Caesar
584 1193 635 1246 pro
644 1177 741 1231 castris
751 1194 814 1232 suas
822 1176 914 1246 copias

59 1251 190 1318 produxit
213 1255 243 1306 et
266 1252 354 1306 aciem
383 1252 545 1322 instructam
574 1251 679 1317 habuit,
706 1255 750 1317 ut,
778 1253 802 1305 si
830 1253 914 1307 vellet

60 1326 215 1382 Ariovistus
226 1328 329 1396 proelio
346 1327 519 1394 contendere,
531 1327 558 1381 ei
575 1331 699 1396 potestas
717 1344 770 1381 non
789 1328 907 1382 deesset.

59 1401 216 1456 Ariovistus
239 1403 282 1456 his
306 1401 431 1464 omnibus
449 1402 548 1456 diebus
565 1404 716 1457 exercitum
734 1403 832 1456 castris
849 1419 912 1457 con-

58 1477 150 1545 tinuit,
163 1478 285 1547 equestri
302 1479 406 1548 proelio
424 1479 549 1547 quotidie
566 1479 715 1533 contendit.
750 1478 843 1532 Genus
861 1478 913 1533 hoc
999 1547 1003 1554 .

58 1556 119 1606 erat
142 1569 250 1622 pugnae
276 1570 330 1622 quo
348 1569 379 1608 ee
403 1553 533 1608 Germani
558 1557 744 1607 exercuerant.
779 1553 912 1622 Equitum

58 1627 134 1682 milia
145 1632 225 1683 erant
241 1645 297 1694 sex,
309 1628 427 1683 totidem
444 1645 559 1682 numero
574 1628 684 1697 pedites
699 1629 862 1683 velocissimi
880 1645 913 1682 ac

56 1702 206 1770 fortissimi,
219 1720 287 1773 quos
300 1703 420 1758 exomni
433 1704 511 1776 copia
523 1703 622 1771 singuli
636 1703 757 1771 singulos
768 1720 834 1758 suae
843 1704 913 1757 salu-

57 1778 94 1833 tis
109 1795 191 1833 causa
206 1779 373 1848 delegerant.
409 1778 479 1833 (lum
495 1778 539 1832 his
555 1778 583 1831 in
599 1779 710 1847 proeliis
724 1778 911 1846 versabantur,

56 1855 94 1908 ad
102 1854 151 1908 hos
164 1870 194 1909 se
206 1856 314 1924 equites
326 1854 508 1923 recipiebant:
519 1853 549 1907 bi
561 1853 585 1908 si
597 1854 666 1924 quid
674 1856 735 1908 erat
744 1854 841 1908 durius
849 1870 912 1907 con·

56 1930 219 1997 currebant3
234 1930 317 1999 siqui
327 1930 452 1999 graviore
462 1930 577 1985 vulnere
589 1932 701 1998 eccepto
717 1946 788 1999 equo
805 1930 912 1984 decide-

56 2010 108 2074 rat,
116 2007 368 2076 circumsistebant:
377 2006 400 2061 si
408 2023 462 2076 quo
472 2005 648 2074 eratlongius
658 2005 849 2075 prodeundum
861 2007 911 2059 aut

56 2082 171 2137 celerius
182 2082 457 2152 recipiendumtanta
464 2085 525 2136 erat
532 2081 629 2135 horum
639 2081 833 2135 exercitatione
841 2080 911 2135 cele-

56 2159 93 2213 rit
81 2162 124 2213 tas
135 2163 168 2214 ut
175 2158 254 2227 jubis
266 2174 399 2228 equorum
412 2154 545 2211 sublevati
557 2173 666 2211 cursum
679 2156 875 2223 adaequarent.

108 2240 152 2290 49.
188 2233 244 2290 Ubi
257 2251 319 2289 eum
332 2233 429 2288 castris
441 2250 470 2287 se
487 2236 582 2287 tenere
601 2232 703 2286 Caesar
716 2230 860 2297 intellexit,
874 2248 910 2285 ne

57 2310 161 2366 diutius
178 2313 333 2365 commeatu
350 2308 550 2378 prohiberetur,
567 2308 641 2362 ultra
659 2323 721 2361 eum
738 2305 836 2371 locum,
854 2323 909 2375 quo
951 2363 955 2380 Ι

56 2385 84 2439 in
98 2386 159 2441 loco
174 2385 303 2441 Germani
322 2385 510 2451 consederant,
526 2384 637 2437 circiter
654 2398 750 2452 passus
767 2385 910 2436 sexcentos

55 2461 154 2516 abhis
174 2462 272 2516 castris
294 2462 424 2516 idoneum
443 2461 532 2515 locum
552 2459 655 2527 delegit
674 2459 787 2527 acieque
805 2457 908 2527 triplici
934 2461 940 2464 “

55 2537 189 2593 instructa
208 2538 246 2592 ad
267 2554 331 2593 eum
352 2537 441 2592 locum
463 2536 546 2590 venit.
583 2535 703 2589 Primam
720 2537 751 2588 et
763 2533 909 2587 secundam

57 2614 142 2667 aciem
154 2615 183 2667 in
195 2614 279 2667 armis
291 2629 359 2680 esse,
372 2613 483 2666 tertiam
498 2614 590 2665 castra
605 2610 713 2664 munire
727 2609 818 2678 jussit
854 2609 910 2662 Hic

56 2688 132 2743 locus
143 2689 178 2743 ab
190 2688 270 2743 hoste
282 2688 392 2743 circiter
404 2704 500 2757 passus
512 2689 664 2753 sexcentos,
678 2684 721 2740 uti
736 2684 840 2739 dictum
857 2686 909 2751 est,

56 2764 162 2820 aberat.
198 2764 239 2818 Eo
256 2764 367 2818 circiter
384 2762 525 2817 hominrun
543 2760 680 2831 [numero]
698 2760 817 2813 sedecim
834 2759 924 2812 milia

55 2841 188 2909 expedita
211 2857 274 2894 cum
297 2839 370 2892 omni
394 2838 521 2907 equitatu
550 2837 706 2891 Ariovistus
733 2835 809 2888 misit
838 2850 908 2903 quae

55 2916 150 2985 copiae
173 2918 281 2969 nostros
298 2916 487 2982 perterrerent
504 2916 533 2967 et
552 2911 704 2965 munitione
721 2909 908 2980 prohiberent.

57 2990 150 3044 Nihilo
169 2990 257 3044 secius
277 2989 385 3058 (laesar,
405 2991 437 3042 nt
457 2990 522 3041 ante
542 2986 731 3056 constituerat,
748 2985 818 3040 duas
835 2983 908 3039 acies
