2175 3409
500 99 612 147 LIBER
630 100 677 149 Vl.
972 112 1018 159 119

163 178 352 246 Centuriones,
365 196 481 248 quorum
497 181 619 235 nonnulli
635 198 670 237 ex
684 183 860 241 inferioribus
874 188 1021 245 ordinibus

162 255 330 325 reliquarum
347 256 484 324 legionum
501 257 613 311 virtutis
629 275 711 314 causa
724 260 753 314 iu
769 263 924 331 superiores
938 269 1019 321 erant

162 332 272 388 ordines
289 332 372 401 hujus
396 332 512 400 legionis
529 335 692 405 transducti,
710 354 745 392 ne
762 343 828 393 ante
850 343 959 409 partam
976 342 1017 395 rei

162 408 287 463 militaris
298 408 407 463 laudem
419 410 581 466 amitterent
591 413 741 469 fortissimo
758 420 913 484 pugnantes
929 418 1017 472 conci·

162 484 270 539 derunt
307 485 428 540 Militum
440 502 504 554 pers
516 487 613 541 horum
625 489 728 543 virtute
739 491 882 545 summotis
889 492 1018 547 hostibus

161 565 273 631 praeter
284 578 360 631 spem
372 561 514 616 incolumis
525 563 555 615 in
563 566 654 618 castra
665 566 791 634 pervenit
797 588 805 633 ;
816 583 907 636 parea
918 568 1017 624 barba-

161 637 200 690 ris
212 637 396 693 circumventa
408 638 498 707 periit.
515 686 519 694 .

213 719 254 768 41.
291 715 421 768 Germani
450 714 597 784 desperata
627 718 826 786 expugnatione
855 723 1017 789 castrorum,

161 790 236 857 quod
248 794 356 845 nostros
369 790 429 859 jam
447 791 604 845 constitisse
619 793 648 845 in
664 794 861 848 munitionibus
877 796 1016 863 videbant,

160 881 223 919 cum
234 882 267 920 ea
277 867 381 936 praeda
393 884 476 935 quam
488 868 516 921 in
526 868 601 922 silvis
609 869 794 937 deposuerant
802 874 878 926 trans
888 872 1014 928 Rhenum

161 957 223 995 sese
235 947 408 1012 receperunt.
445 944 488 998 Ac
502 947 596 999 tantus
610 945 664 1000 iuit
683 947 767 1000 etiam
783 950 847 1016 post
866 948 1015 1003 discessum

161 1017 388 1073 hostiumterror
402 1024 435 1074 ut
451 1037 484 1074 ea
499 1024 589 1085 nocte,
601 1038 686 1089 quum
701 1022 730 1076 Ο.
745 1023 898 1078 Volusenus
914 1024 1014 1078 missus

160 1110 223 1148 cum
230 1097 362 1165 equitatu
372 1096 642 1165 adcastravenisset‚
652 1097 1015 1155 fidemnonfaceretadesse

161 1187 223 1225 eum
238 1171 366 1226 incolumi
384 1173 529 1227 Gaesarem
545 1174 675 1228 exercitu
712 1174 757 1228 Sic
773 1175 894 1229 omnium
909 1176 1013 1230 animos

161 1247 244 1301 timor
260 1252 508 1318 praeoccupaverat
519 1255 553 1305 ut
569 1266 656 1319 paene
675 1250 793 1305 alienata
809 1255 902 1305 mento
914 1251 1014 1305 deletis

160 1323 286 1378 omnibns
304 1325 389 1394 copiis
404 1327 558 1394 equitatum
570 1325 701 1395 [tantum]
712 1343 742 1380 se
755 1343 790 1380 ex
801 1328 867 1395 iuga
877 1327 1014 1397 recepisse

87 1413 96 1427 ’
160 1399 291 1470 dicerent,
309 1417 398 1471 neque
412 1401 539 1456 incolumi
555 1401 678 1456 exercitu
694 1401 846 1457 Germanos
859 1407 950 1458 uestra
968 1420 1014 1473 op

159 1480 328 1545 pugnaturos
345 1477 430 1532 inisse
448 1477 656 1533 contenderent.
693 1478 783 1543 Quem
799 1479 926 1533 timorem
945 1479 1013 1534 an-

160 1553 227 1606 saris
239 1552 374 1608 adventus
387 1554 505 1608 sustulit.

166 1652 172 1658 ·
188 1666 193 1673 .
211 1635 264 1683 42.v
288 1629 425 1684 Reversus
437 1630 491 1697 ille,
504 1633 619 1684 eventus
635 1630 700 1684 belli
713 1647 768 1685 non
780 1630 916 1700 ignorans,
927 1649 1011 1694 unum

159 1705 235 1773 quod
252 1706 378 1760 cohortes
396 1723 431 1760 ex
449 1707 567 1760 statione
579 1709 614 1761 et
631 1707 768 1776 praesidio
786 1713 879 1763 esseut
895 1710 1012 1763 emissae

159 1785 281 1849 questus,
288 1799 323 1836 ne
335 1783 446 1836 minimo
456 1782 568 1852 quidem
578 1800 643 1836 casu
651 1783 740 1837 locum
748 1784 864 1854 relinqui
874 1784 1010 1848 debuisse,

158 1857 276 1911 multum
287 1858 426 1912 fortunam
437 1859 466 1912 in
475 1858 619 1929 repentino
630 1859 750 1913 hostium
759 1860 879 1914 adventu
890 1862 1011 1930 potuisse

154 1932 305 2000 judicarim
316 1934 404 1989 multo
416 1934 499 1988 etism
511 1934 635 2004 amplius,
643 1936 717 2004 quod
728 1952 815 2004 paene
826 1936 862 1989 ab
871 1937 930 2004 ipso
939 1936 1010 1990 vallo

158 2009 300 2078 portisque
317 2015 468 2065 castrorum
485 2009 618 2063 barbaros
632 2012 783 2065 avertisset.
820 2013 940 2077 Quarum
954 2029 1010 2065 em-

157 2084 234 2138 nium
245 2102 338 2139 rerum
350 2087 468 2140 maxime
480 2086 673 2141 admirandum
688 2087 841 2155 videbatur,
855 2087 929 2157 quod
941 2088 1009 2142 Ger-

47 2182 51 2188 ·
157 2161 238 2230 mani,
251 2163 297 2232 qui
308 2179 341 2217 eo
353 2162 464 2217 consilio
478 2163 606 2217 Rhenum
618 2163 784 2216 transierant
796 2167 828 2216 ut
841 2162 1009 2231 Ambiorigis

157 2236 226 2290 fines
238 2237 479 2307 depopularentur,
487 2239 523 2294 ad
535 2243 626 2293 eastra
638 2239 823 2292 Romanorum
836 2237 921 2292 delati
932 2242 1009 2307 opta-

157 2312 294 2366 tissimum
308 2315 461 2384 Ambiorigi
473 2315 636 2370 beneficium
648 2314 814 2369 obtulerant.

210 2394 252 2443 43.
288 2390 390 2444 Caesar
411 2407 507 2445 rursus
530 2390 566 2444 ad
589 2390 728 2444 vexandos
750 2390 844 2444 hostes
869 2391 1013 2459 proiectus

157 2480 256 2534 magno
272 2471 364 2520 coacto
380 2484 493 2522 numero
510 2485 545 2522 ex
562 2467 685 2521 finitimis
702 2466 859 2521 civitatibus
870 2467 898 2520 in
914 2482 1009 2522 omnes

156 2545 250 2611 partes
262 2542 385 2598 dimittit.
422 2545 523 2599 Omnes
534 2544 587 2599 vici
599 2548 685 2612 atque
697 2544 788 2598 omnia
801 2543 926 2598 aedificia
938 2560 1008 2612 quae

157 2616 272 2685 quisque
284 2625 465 2688 conspexerat
476 2618 694 2674 incendebantur
705 2640 711 2674 ε
723 2620 827 2688 pracda
836 2637 871 2674 ex
883 2619 1009 2673 omnibns

156 2692 223 2746 locis
234 2694 382 2762 agebatur:
397 2696 536 2751 frumenta
547 2713 602 2750 non
615 2695 703 2749 solum
715 2712 731 2748 a
743 2700 821 2749 tanta
833 2696 1008 2750 multitudiue

151 2769 341 2837 jumentorum
353 2775 438 2841 atque
452 2773 593 2827 hominum
609 2772 845 2839 consumebantur,
859 2773 909 2826 sed
925 2772 1007 2826 etiam

155 2846 219 2899 anni
236 2849 361 2917 tempore
378 2852 462 2918 atque
479 2848 613 2902 imbribus
630 2848 839 2916 procubuerant,
860 2854 900 2917 ut,
915 2849 938 2902 si
959 2847 1008 2916 qui

88 2961 92 2964 -
155 2922 239 2976 etiam
255 2924 285 2976 in
302 2925 458 2993 praeseutia
474 2942 504 2978 se
519 2924 708 2989 oecidtassent
721 2927 815 2979 tamen
831 2925 873 2978 his
889 2923 1007 2978 deducto

155 2999 279 3052 exercitu
302 3016 395 3053 rerum
419 3001 538 3054 omnium
556 2999 647 3069 inopia
670 3000 840 3067 pereundum
857 3000 1007 3053 videretur.

156 3077 199 3130 Ac
209 3092 291 3145 saepe
298 3076 326 3130 in
334 3093 397 3131 eum
405 3076 495 3130 locum
503 3079 616 3130 ventum
626 3078 755 3129 esttanto
766 3076 795 3128 iu
807 3092 901 3128 omnes
912 3076 1007 3142 partes

155 3152 244 3206 diviso
261 3153 394 3221 equitatu,
411 3157 444 3208 ut
461 3153 543 3207 modo
561 3152 649 3204 visum
668 3151 704 3203 ab
722 3167 751 3204 se
771 3150 959 3216 Ambiorigem
977 3147 1006 3198 in

993 3309 1087 3367 A
