2175 3409
154 205 253 260 'ituros
270 205 354 270 atque
371 200 410 255 ibi
427 120 695 255 111111Ἒὲ11111
711 199 759 253 ubi
776 216 824 255 eos
840 199 942 256 Caesar
957 116 1021 256 1117-

49 323 73 350 .·
165 279 301 335 stituisset
319 279 403 344 atque
421 292 481 331 esse
499 275 646 330 volasset:
664 276 706 329 sin
724 275 797 329 belle
814 277 944 345 persequi
960 294 1017 346 per·

165 357 313 420 severaret,
333 353 555 406 reminiseeretrr
573 354 602 406 et
622 352 725 405 veteris
745 352 906 406 incommodi
927 353 1019 422 populi

165 431 283 484 Romani
306 433 336 483 et
354 429 484 498 pristinae
508 428 619 482 virtutis
640 427 837 481 Helvetiorum
870 428 951 492 Quod
971 430 1020 483 im·

164 507 274 576 proviso
286 522 370 558 unum
382 521 483 573 pagum
496 504 609 557 adortus
622 507 704 569 esset,
716 517 801 572 quum
814 503 844 557 hi
858 505 904 574 qui
919 506 1020 560 flumen

164 584 329 637 tramissem
348 582 403 635 suis
422 580 551 634 auxilinm
566 579 640 634 ferre
654 596 708 633 non
723 584 841 648 possent,
855 597 890 634 ne
896 580 942 634 *ob
958 598 1019 635 eam

164 675 225 712 rem
241 662 289 712 aut
310 674 374 712 suae
393 673 492 725 magno
510 672 594 725 opere
613 655 710 709 virtuti
728 656 866 711 tribueret
883 661 931 711 aut
947 659 1019 727 ipsos

166 733 336 803 despiceret:
353 750 384 788 se
393 734 434 788 ita
445 750 462 786 a
472 732 597 801 patribus
608 731 812 801 majoribusque
824 733 880 787 suis
892 733 1019 787 didicisse

164 814 198 863 ut
216 811 303 878 magis
321 810 425 864 virtute
443 826 525 877 quam
546 808 609 862 dolo
628 808 828 862 eontenderent
848 813 897 863 aut
914 809 1019 863 insidiis

164 885 330 940 niterentur:
364 885 455 950 Quare
472 902 507 939 ne
524 884 710 939 committeret
726 888 760 937 11
775 884 799 937 is
812 884 887 939 loeus
897 885 945 939 ubi
955 901 1019 939 eon·

166 961 302 1015 stitissent
320 977 356 1015 ex
375 961 529 1017 calamitate
548 960 640 1029 populi
658 960 773 1013 Romani
789 964 819 1014 et
832 961 1019 1015 internecione

165 1037 302 1090 exereitus
313 1053 411 1090 nomen
422 1039 534 1104 caperet
545 1040 594 1089 aut
604 1035 764 1089 memoriam
775 1035 912 1104 proderet.

221 1116 259 1164 14.
297 1111 350 1165 His
369 1111 470 1165 Caesar
485 1112 525 1164 111
542 1110 700 1179 respondit:
719 1110 759 1162 Eo
774 1110 825 1163 sibi
838 1112 928 1165 minus
940 1111 1018 1165 dubi·

166 1187 277 1239 tationis
295 1187 354 1240 dari
371 1187 446 1255 quod
463 1199 509 1240 eas
526 1203 572 1239 res
590 1201 658 1254 quas
669 1185 754 1251 legati
767 1184 888 1238 Helvetii
902 1202 1018 1250 eomme-

165 1265 319 1315 manassent
332 1262 463 1315 memoria
475 1264 593 1328 teneret,
605 1264 689 1328 atque
703 1276 737 1313 eo
752 1260 863 1328 gravius
876 1261 950 1314 ferre
964 1277 1017 1329 qno

165 1337 254 1390 minus
267 1338 366 1391 merito
377 1337 470 1406 populi
485 1337 601 1390 Romani
619 1335 788 1404 accidissent,
806 1336 852 1404 qui
868 1336 891 1389 si
905 1336 1018 1405 slierrjrm

164 1411 280 1481 injuriae
296 1413 348 1467 sibi
363 1414 484 1467 eonseiirs
498 1413 603 1478 fnisset,
616 1429 670 1466 non
682 1412 766 1466 luisse
782 1412 890 1466 difficile
902 1429 1018 1478 eevere;

166 1488 216 1541 sed
226 1504 260 1542 eo
271 1488 417 1558 deceptum
426 1487 502 1557 qued
511 1504 601 1555 neque
608 1488 780 1542 eommissum
789 1504 806 1541 a
815 1505 844 1542 se
852 1488 1019 1556 intelligeret

166 1580 251 1632 quare
274 1564 393 1623 timeret.
416 1580 505 1632 neque
529 1565 588 1618 sine
610 1580 691 1617 eausa
717 1563 868 1617 timendum
897 1567 1015 1634 putaret.

167 1640 246 1703 Quod
260 1640 284 1693 si
299 1641 400 1694 veteris
416 1639 596 1694 contumeliae
615 1639 736 1694 oblivisci
750 1639 840 1705 vellet,
853 1657 919 1693 num
933 1640 1017 1693 etiam

165 1715 314 1769 recentium
325 1713 492 1783 injuriarum,
500 1715 575 1783 qued
586 1699 618 1769 do
630 1715 715 1769 invito
726 1716 780 1770 iter
791 1731 841 1783 per
852 1715 1017 1783 provinciam

50 1833 54 1836 .
165 1791 282 1857 pervim
293 1794 454 1857 tentassent,
465 1790 539 1859 qued
552 1790 672 1858 Aeduos,
683 1791 757 1859 qued
770 1790 929 1858 Ambarros,
942 1790 1017 1858 qued

166 1865 329 1934 Allobrogas
341 1870 493 1933 vexassent,
500 1867 658 1920 memoriam
671 1866 808 1935 deponere
820 1869 917 1935 pessel
937 1865 1017 1930 Quod

166 1956 214 1994 ena
232 1942 345 1996 vintoris
362 1945 421 1996 tam
442 1943 591 1998 insolenter
608 1943 791 2011 gloriarentur
810 1943 939 2011 quodque
959 1946 1017 1995 tam

61 2073 66 2078 ,
166 2015 212 2070 diu
224 2010 258 2070 sd
266 2017 376 2085 impune
386 2018 499 2086 injurias
510 2013 607 2072 tulisde
620 2018 829 2085 admirarentur,
840 2018 938 2072 eedem
955 2034 1017 2086 per-

165 2092 259 2147 tinere.
276 2107 278 2112 ·
297 2093 451 2148 Consuesse
466 2094 538 2148 enim
558 2094 625 2148 deos
641 2095 817 2162 immortales,
835 2110 889 2163 quo
908 2094 1017 2162 gravim

165 2166 288 2223 homines
316 2184 351 2221 ex
378 2171 589 2224 commutatione
617 2187 709 2225 rerum
733 2170 851 2237 deleant,
875 2186 943 2238 quos
966 2185 1017 2237 pro

166 2243 268 2298 scelere
289 2260 383 2298 eorum
401 2244 493 2298 uleisei
511 2246 603 2311 velint,
618 2246 660 2300 his
683 2245 856 2299 secundiores
879 2245 1017 2302 interdurn

165 2333 208 2373 res
223 2322 252 2373 et
266 2318 464 2374 diuturniorem
477 2321 668 2389 impunitatem
685 2320 841 2374 eoncedere.
880 2320 970 2383 Quum
982 2336 1017 2372 ea

164 2393 394 2463 ieameamer,
406 2396 429 2449 si
444 2395 555 2449 obsides
573 2396 608 2449 ab
625 2396 658 2448 iis
672 2395 724 2449 sibi
738 2395 891 2448 denturuti
903 2410 1017 2462 eaquae

164 2469 344 2538 polliceantur
361 2471 481 2525 festinos
496 2470 639 2537 intelligat,
651 2472 682 2523 et
697 2470 720 2522 si
737 2469 843 2522 Aeduis
858 2468 894 2522 de
911 2469 1017 2537 injuriis

165 2561 232 2612 ques
247 2545 313 2614 ipsis
328 2547 462 2615 sociisque
477 2562 571 2600 eonem
585 2544 734 2610 intulerint,
746 2545 814 2598 item
825 2544 849 2597 si
862 2543 1017 2611 Allobrogi-

112 2671 115 2676 .
165 2619 216 2674 bus
240 2623 415 2690 satisfacient,
440 2637 500 2676 sese
523 2637 585 2675 eum
608 2620 641 2673 iis
667 2635 761 2688 paoem
788 2635 848 2673 esse
871 2620 1015 2675 facturum.

166 2695 260 2751 Diviee
276 2698 431 2767 respondit:
450 2697 496 2751 Ita
513 2695 655 2751 Helvetios
669 2711 686 2749 a
699 2695 848 2764 majeribus
867 2696 1016 2749 111111111-

164 2774 240 2826 tutos
252 2774 365 2827 essenti
376 2773 485 2827 obsides
496 2774 620 2841 aeeipere
631 2787 684 2825 non
696 2771 763 2825 dare
774 2773 943 2827 consuerint:
956 2770 1016 2839 ejus

165 2848 205 2900 rei
217 2849 347 2918 populum
359 2849 511 2902 Romanum
523 2863 584 2901 esse
595 2850 702 2901 testem
734 2848 796 2901 Hee
807 2862 937 2914 responso
949 2846 1015 2901 dato
1032 2858 1037 2868 “

166 2923 298 2978 discessit

219 3006 259 3054 15.
296 3000 411 3054 Postero
430 3000 475 3054 die
493 3002 586 3053 eastra
604 3013 639 3051 ex
658 3014 691 3051 eo
706 2997 765 3051 loeo
779 2999 897 3050 movent.
935 2998 1015 3050 Idem

164 3075 231 3129 feeit
244 3076 345 3129 Caesar
356 3076 565 3142 equitatumque
577 3088 685 3124 omnem
696 3072 734 3125 ad
744 3088 887 3124 numerum
899 3075 1017 3137 quatuor·

166 3150 280 3216 milium,
292 3165 374 3217 quem
386 3165 420 3202 ex
432 3149 504 3201 omni
515 3145 653 3215 provincia
663 3150 693 3198 et
706 3145 811 3200 Aeduis
824 3148 909 3210 atque
922 3158 1016 3195 eorum
