2175 3409
51 55 99 102 ror
308 51 336 98 c.
355 30 457 100 annii
475 25 650 96 caussam

21 133 132 187 “Onus
152 131 241 188 Gallia
259 130 368 185 devicta
389 131 490 186 Caesar
508 146 592 197 quum
610 146 627 183 a
646 128 786 197 superiore
802 132 909 202 aestate

54 204 910 276 nullmnbellanditempusintermisisset,militesquehiberuo-

51 303 116 340 rum
128 285 220 355 quiete
232 284 346 337 reficere
362 300 379 336 a
393 282 479 337 tantis
495 281 634 335 laboribus
648 281 739 348 vellet,
756 281 910 351 complures

53 362 150 415 eodem
167 365 290 427 tempore
307 359 431 412 civitates
447 374 578 411 renovare
594 356 659 410 belli
675 357 787 411 consilia
800 358 911 412 nuncia-

54 438 155 491 bantur
174 434 429 503 conjurationesque
453 434 550 487 facere.
587 432 674 500 Cujus
694 433 734 486 rei
755 434 910 487 verisimilis

21 505 133 567 “causa
149 511 331 575 adserebatur,
346 510 421 579 quod
438 510 524 565 Gallis
540 510 664 564 omnibus
680 510 818 578 cognitum
836 515 909 564 esset

52 605 141 658 neque
165 588 220 642 ulla
243 587 419 641 multitudine
443 586 471 640 in
494 603 579 640 unum
599 586 688 640 locum
705 592 801 641 coacta
817 587 909 640 resisti

52 682 132 734 posse
150 664 288 731 Romanis,
305 679 363 729 uec,
381 662 404 716 si
424 662 534 717 diversa
552 661 623 715 bella
641 663 794 732 complures
811 662 908 716 eodem

53 745 177 809 tempore
201 740 317 793 inissent
340 739 474 805 civitates,
493 738 561 792 satis
579 738 673 791 auxilii
691 741 740 792 aut
757 739 839 807 spatii
859 742 909 793 aut

53 817 192 885 copiarum
205 815 362 870 habiturum
375 816 525 868 exercituin
540 814 635 883 Populi
649 812 764 868 Romani
774 814 909 868 adomnia

53 892 258 962 persequenda:
276 908 330 945 non
350 907 409 945 csse
426 893 519 944 autern
533 889 612 943 alicui
629 890 735 944 civitati
751 894 853 943 sortem
867 890 906 942 in-

53 969 187 1023 commodi
207 967 393 1035 recusandam,
410 965 433 1019 si
449 967 498 1020 tali
514 981 591 1019 mora
606 965 729 1035 reliquae
745 968 860 1034 possent
879 982 909 1018 se

53 1046 194 1100 vindicare
206 1046 234 1098 in
246 1044 411 1098 libertatem.

107 1128 130 1176 2.
169 1123 294 1187 Quaene
310 1119 400 1188 opinio
418 1118 558 1173 Gallorum
575 1118 791 1185 confirmaretur,
809 1116 910 1171 Caesar
940 1168 944 1173 .

54 1199 92 1251 Μ.
112 1198 261 1252 Antonium
282 1200 453 1265 quaestorem
471 1195 526 1247 suis
544 1195 677 1262 praefecit
696 1194 831 1248 hibernis:
849 1194 909 1262 ipse

54 1290 116 1327 cum
125 1275 264 1342 equitatus
276 1271 413 1341 praesidio
424 1269 514 1339 pridie
528 1270 590 1323 Kal.
602 1269 749 1324 lanuarias
760 1269 796 1323 ab
808 1269 909 1338 oppido

55 1350 184 1403 Bibracte
196 1348 379 1419 proficiscitur
392 1346 428 1399 ad
439 1341 575 1413 legionem
588 1360 650 1413 x111,
663 1363 745 1415 quam
759 1362 814 1399 non
828 1345 908 1413 longe

54 1443 71 1479 a
92 1424 190 1477 finibus
210 1426 369 1478 Aeduorum
388 1421 567 1476 collocaverat
586 1423 614 1476 in
628 1422 728 1475 finibus
742 1421 907 1488 Biturigum,

53 1501 134 1568 eique
147 1499 275 1567 adjungit
287 1498 420 1566 legionem
430 1513 468 1565 xr,
481 1514 554 1567 quae
565 1498 688 1565 proxima
699 1498 796 1551 fuerat.
831 1497 909 1550 Binis

55 1575 213 1629 cohortibus
231 1575 268 1628 ad
286 1574 484 1643 impedimenta
503 1572 630 1643 [tuenda]
648 1574 759 1639 relictis,
772 1572 908 1642 reliquum

54 1652 202 1705 exercitum
213 1651 241 1704 in
254 1649 451 1719 copiosissimos
462 1666 543 1718 agros
555 1650 710 1718 Biturigum
722 1649 829 1703 inducit
836 1669 843 1714 ;
860 1649 908 1717 qui

54 1743 137 1795 quum
161 1726 232 1780 latos
256 1727 325 1779 fines
350 1729 379 1779 et
397 1726 535 1794 complura
553 1726 653 1794 oppida
670 1725 810 1790 haberent,
827 1726 908 1779 unius

53 1802 165 1870 legionis
185 1802 307 1856 lribemis
329 1818 383 1855 non
406 1805 555 1870 potuerant
572 1801 704 1855 contineri
721 1801 788 1869 quin
804 1799 908 1854 bellurn

53 1883 184 1949 pararent
196 1879 451 1948 conjurationesque
463 1878 592 1931 facerent.
755 1920 757 1923 .

106 1963 130 2011 3.
161 1955 314 2025 Repentino
326 1954 446 2008 adventu
459 1954 584 2007 Caesaris
592 1952 699 2021 eccidit,
709 1952 783 2022 qnod
791 1953 908 2021 impara-

54 2033 91 2086 tis
103 2032 281 2102 disjectisque
292 2030 415 2085 accidere
427 2029 481 2083 fuit
492 2046 610 2097 necesse,
622 2033 654 2083 ut
666 2029 725 2084 sine
736 2029 836 2083 timore
851 2028 908 2084 ullo

54 2126 118 2163 rura
141 2109 261 2162 colentes
284 2107 360 2176 prius
384 2106 419 2159 ab
444 2105 570 2174 equitatu
587 2105 807 2174 opprimerentur
825 2121 908 2173 quam

53 2185 199 2253 confugere
222 2184 249 2237 in
268 2182 368 2252 oppida
386 2181 747 2251 posseut;nan1queetiam
765 2181 834 2235 illud
851 2181 909 2234 vul-

53 2278 120 2328 gare
140 2260 300 2315 incursionis
319 2259 440 2313 hostium
459 2258 574 2325 signum,
591 2256 665 2325 quod
684 2257 815 2311 incendiis
834 2256 908 2310 aedi·
967 2316 971 2323 .

54 2338 176 2390 liciorum
202 2336 318 2404 intelligi
347 2334 494 2401 consuevit,
522 2332 646 2387 (lassaris
675 2332 706 2386 id
732 2337 795 2388 erat
810 2332 908 2386 >inter-

54 2412 128 2467 dicto
141 2413 278 2467 sublatum
291 2429 325 2465 ne
337 2414 385 2464 aut
397 2411 474 2479 copia
490 2409 582 2479 pabuli
596 2408 791 2478 frumentique,
807 2411 831 2463 si
850 2409 907 2462 lon-

53 2485 112 2554 gius
136 2489 265 2556 progredi
290 2487 383 2555 vellet,
408 2487 580 2553 deficeretur,
599 2489 647 2539 aut
664 2485 757 2540 hostes
774 2485 907 2540 incendiis

54 2568 233 2618 terrerentur.
268 2564 365 2617 Multis
380 2564 519 2617 hominum
538 2563 646 2616 milibus
662 2562 751 2631 captis
765 2562 908 2631 perterriti
998 2584 1008 2594 ·

55 2639 202 2710 Bituriges,
225 2641 272 2709 qui
295 2640 414 2709 primum
434 2639 584 2693 adventum
612 2638 733 2705 effugere
759 2639 908 2707 potuerant

55 2715 247 2782 Romanorum,
258 2716 285 2769 in
298 2716 427 2769 finitimas
439 2715 572 2781 civitates,
586 2716 635 2767 aut
652 2714 767 2783 privatis
783 2711 908 2781 hospitiis

54 2792 147 2844 confisi
159 2794 207 2844 aut
219 2792 349 2845 societate
365 2791 543 2855 consiliorum,
556 2789 740 2858 confugerant.
778 2789 907 2842 Fuistra:

54 2878 117 2915 nam
137 2865 236 2917 Caesar
257 2866 361 2933 magnis
382 2866 528 2920 itineribus
547 2865 672 2918 omnibus
690 2866 757 2918 locis
776 2864 908 2929 occurrit;

54 2951 104 2988 nce
121 2937 170 2990 dat
185 2940 233 2991 ulli
251 2941 356 2994 civitati
374 2941 493 3010 spatium
509 2941 545 2994 de
561 2941 648 2993 aliena
662 2941 755 3008 potius
773 2956 854 3008 quam
872 2940 909 2993 de

56 3008 204 3091 domestica
227 3014 316 3067 salute
340 3017 494 3082 cogitandi;
512 3033 567 3084 qua
591 3017 734 3069 celeritate
759 3019 788 3069 ct
812 3016 910 3069 fideles

55 3094 155 3133 armces
171 3087 309 3139 retinebat
325 3093 355 3141 et
371 3090 531 3142 dubitantes
553 3094 660 3144 terrore
680 3091 717 3144 ad
738 3090 911 3145 conditiones

20 3287 75 3337 k
