2175 3409
91 142 123 189 34
346 135 374 184 C.
392 133 495 184 JULII
512 133 685 183 CAESARIS

89 221 148 275 tum
156 214 260 287 proelio
269 215 370 271 nostris
380 215 481 270 Caesar
490 215 691 270 suosincastra
698 213 817 272 reduxit.
839 217 944 275 Hostes

89 295 214 364 protinus
232 310 267 347 ex
286 308 319 346 eo
338 290 396 345 loco
416 291 452 344 ad
471 290 581 344 flumen·
592 291 717 346 Axonam
736 293 943 362 contenderunt,

90 371 164 439 quod
185 386 245 424 osse
265 371 328 438 post
348 371 442 421 nostra
462 370 554 422 castra
575 367 791 423 demonstratum
812 373 861 424 est
879 393 882 400 ·
900 371 944 425 Ibi

88 446 167 500 vadis
190 445 308 515 repertis
331 447 438 514 partem
463 441 574 520 sutirum
601 444 740 511 copiarum
766 445 945 501 transducere

89 521 179 575 conati
191 522 263 587 sunt,
275 536 307 574 eo
319 519 430 573 consilio
441 522 483 588 ut,'
491 520 517 590 Si,
526 521 646 592 possent,
658 519 801 573 castellum
813 522 856 576 cui
868 539 946 591 prae-

89 600 150 651 erat
167 597 198 662 Q.
213 596 334 649 Titurius
350 594 459 663 legatus
476 598 665 664 expugnarent
680 599 848 665 pontemque
863 598 945 653 inter-

89 672 259 727 scinderent:
278 672 300 725 si
316 671 406 725 minus
420 671 583 739 potuissent,
601 687 680 740 agros
697 671 845 725 Remorum
860 690 944 754 popu·
1076 711 1084 752 Α

88 748 220 815 iurentur,
240 748 287 817 qui
310 763 409 815 magno
430 745 510 799 nobis
531 748 593 800 usui
614 747 650 800 ad
669 746 773 801 bellum
792 722 984 887 gerendum)
1081 803 1083 812 Α

89 829 176 893 erant,
188 827 396 893 commeatuque
408 825 515 876 nostros
527 822 714 892 prohiberent.
1079 839 1083 858 ⁴

143 906 182 955 10.
220 900 320 954 Caesar
340 900 440 953 certior
460 898 548 952 iactus
568 898 603 952 ab
623 898 727 953 Titurio
744 916 852 953 omnem
868 899 944 969 equi-

89 979 179 1031 tatum
203 978 233 1029 et
255 974 322 1029 levis
345 977 500 1029 armaturae
525 973 666 1042 Numidae,
687 975 841 1029 funditores
861 976 944 1044 sagit-

89 1052 230 1121 tariosque
253 1054 364 1119 pontem
389 1050 544 1124 transducit
568 1053 652 1118 atque
673 1050 709 1104 ad
730 1067 777 1105 eos
797 1051 944 1106 contendit.

91 1127 251 1181 Acriter-in
272 1143 305 1181 eo
325 1127 385 1180 loco
406 1129 559 1194 pugnaturn
583 1132 633 1179 est.
670 1126 774 1181 Hostes
797 1127 944 1196 impeditos

90 1204 177 1258 nostri
197 1203 226 1257 in
250 1203 361 1257 flumine
385 1202 506 1275 aggressi
530 1218 660 1270 magnum
683 1219 778 1257 eorum
801 1220 943 1257 numcnmr

89 1279 261 1334 occidenmt:
291 1296 341 1349 per
364 1287 596 1355 eorum‘joorpora
621 1278 742 1348 reliquos
765 1279 944 1333 audacissimo

89 1356 208 1409 transire
220 1359 349 1409 conantes
360 1353 538 1409 multitudine
550 1354 667 1408 telorum
680 1354 859 1423 reppulerunt
865 1376 872 1421 ;
889 1355 944 1426 pri-

89 1447 149 1485 mos
161 1432 208 1500 qui
220 1431 386 1484 transierant
398 1430 523 1500 equitatu
533 1431 731 1485 circumventos
739 1431 944 1486 interfecerunt.

92 1507 203 1574 Hostes,
215 1507 263 1560 nbi
284 1509 312 1560 et
333 1506 369 1559 de
393 1506 575 1575 expugnando
599 1507 699 1576 oppido
722 1509 751 1561 et
775 1506 811 1561 de
833 1506 944 1561 flumine

90 1581 256 1636 transeundo
268 1598 343 1651 spem
357 1598 386 1636 se
396 1581 524 1636 fefellisse
533 1582 730 1637 intellexerunt
739 1583 828 1651 neque
836 1577 944 1636 nostros

89 1657 221 1711 inlocum
237 1657 398 1726 iniquiorem
415 1657 543 1727 progredi
560 1658 701 1728 pugnandi
715 1675 796 1712 causa
807 1658 943 1721 viderunt,

90 1732 254 1802 atqneipsos
261 1748 305 1786 res
312 1733 491 1788 frumentaria
500 1733 619 1788 deficere
628 1734 724 1803 coepit,
731 1733 843 1787 concilio
850 1749 944 1787 convo

90 1813 152 1863 ceto
164 1809 366 1863 constituerunt
377 1810 509 1879 optimum
523 1826 583 1864 esse
595 1809 706 1863 domum
719 1825 796 1862 suam
808 1824 944 1878 quemque

89 1884 201 1951 reverti,
213 1887 242 1938 et
258 1900 373 1952 quorum
388 1885 418 1938 in
433 1885 501 1939 fines
520 1886 639 1955 primum
660 1884 775 1938 Romani
793 1884 943 1938 exercitum

89 1959 312 2025 introduxissent,
321 1959 358 2014 ad
369 1977 416 2015 eos
428 1961 615 2015 defendendos
626 1960 749 2029 undique
761 1959 943 2026 convenirent,

78 2038 123 2114 sut
134 2036 224 2104 potius
240 2037 268 2089 in
285 2036 341 2089 suis
357 2053 439 2105 quarn
455 2037 483 2089 in
498 2036 597 2090 alienis
608 2035 708 2089 finibus
725 2035 899 2090 decertarent
914 2038 944 2089 ct

91 2110 247 2165 domesticis
262 2111 346 2181 copiis
362 2113 402 2165 rei
419 2112 614 2166 frumentariae
629 2114 782 2166 uterentur.
819 2111 867 2164 Ad
883 2127 944 2165 eam

91 2187 254 2241 sententiam
274 2203 336 2240 cnm
356 2186 469 2256 reliquis
487 2187 576 2241 causis
595 2186 663 2240 haec
681 2202 790 2256 quoque
808 2186 879 2241 ratio
897 2202 945 2240 eos

90 2261 216 2331 deduxit,
231 2261 306 2332 quod
322 2262 487 2317 Divitiacum
503 2266 587 2331 atque
605 2261 717 2315 Aeduos
737 2260 836 2315 finibus
854 2260 945 2315 Bello-

90 2354 218 2393 vacarum
229 2337 450 2408 adpropinquare
466 2340 662 2405 cognoverant:
679 2336 722 2390 his
738 2337 897 2406 persuaderi
912 2341 945 2391 ut

91 2414 194 2468 dianus
220 2416 394 2468 morarentur
416 2429 507 2482 neque
531 2413 587 2467 suis
611 2413 740 2467 auxilium
762 2412 867 2467 ferrent
889 2425 944 2466 non

90 2492 207 2559 poterat.

145 2570 185 2618 ll.
221 2565 262 2619 Ha
282 2582 312 2619 re
332 2564 483 2620 constituta
506 2564 627 2619 secunda
649 2564 740 2632 vigilia
761 2580 860 2633 magno
882 2580 945 2619 cum

91 2641 211 2709 strepitu
230 2656 262 2694 ac
282 2640 403 2694 tumultu
424 2640 521 2695 castris
542 2639 645 2708 egressi
664 2640 736 2693 nullo
755 2643 830 2693 certo
848 2639 945 2695 ordine

91 2732 181 2786 neque
189 2716 312 2785 imperio,
322 2732 407 2785 quum
420 2716 472 2770 sibi
483 2716 604 2788 quisque,
611 2716 729 2785 primum
741 2715 847 2770 itineris
855 2716 945 2770 locum

90 2795 201 2862 peteret
225 2794 254 2845 et
275 2791 386 2845 domum
408 2792 553 2859 pervenire
576 2796 744 2860 properaret,
765 2791 890 2846 fecenmt
912 2795 945 2846 ut

92 2866 238 2920 consimilis
261 2866 343 2934 fugae
367 2866 500 2935 profectio
522 2861 670 2922 rideretur.
711 2867 773 2922 Hac
795 2884 827 2921 re
850 2867 944 2922 statim

93 2941 193 2995 Caesar
211 2958 262 3009 per
280 2941 464 3010 speculatores
483 2944 594 3012 cognita
611 2943 725 2998 insidias
743 2943 854 3011 veritus,
869 2941 946 3013 qnod

92 3031 147 3082 qua
167 3015 203 3068 de
224 3032 305 3070 causa
326 3017 501 3073 discederent
519 3018 641 3073 nondum
660 3022 847 3090 perspexerat,
867 3035 946 3073 exer-

92 3089 177 3143 citum
189 3091 399 3160 equitatumque
412 3095 510 3148 castris
523 3096 663 3150 continuit.
701 3095 794 3149 Prima
809 3094 869 3149 luce
885 3111 947 3149 oon-

1075 944 1084 979 i

93 3162 204 3216 firmata
216 3180 247 3217 re
260 3164 295 3218 ab
310 3167 528 3235 exploratoribus
542 3187 650 3226 omnem
666 3171 820 3241 equitatum
836 3170 884 3240 qui
898 3186 947 3227 uo·
