2175 3409
78 127 126 173 160
321 125 350 173 C.
368 123 386 171 J
391 124 471 173 ULII
489 124 664 173 CAESARIS

77 204 146 260 bant
168 201 374 272 imperatorem.
410 203 457 258 Ab
479 203 531 258 hoe
549 205 663 259 coneilio
681 205 770 272 Remi,
789 206 935 275 Lingones,

77 281 182 335 Treviri
206 280 367 335 abluerunt:
394 281 441 348 illi,
469 280 544 349 qued
572 281 722 335 amicitiam
750 282 935 336 Rornanorum
1010 305 1013 310 >

77 356 278 425 sequebantur;
296 356 409 425 Treviri,
422 356 497 425 quod
513 356 630 412 aberant
645 357 753 425 longius
770 362 799 412 et
815 359 850 412 ab
868 361 935 411 Cer-

75 433 163 486 manis
175 432 380 502 premebantur,
392 449 463 501 qua-e
475 434 529 487 fuit
541 450 624 488 eausa
635 451 722 503 quare
733 438 794 489 toto
805 435 934 488 abessent

75 508 148 562 bello
161 514 191 564 et
202 510 308 564 neutris
320 509 421 563 auxilia
433 510 587 564 mitterent.
624 511 725 579 Magno
735 511 831 565 dolere
841 510 933 564 Aedui

74 585 167 639 ierunt
179 602 209 639 se
225 585 349 655 dejectos
362 585 532 655 principatu3
552 590 707 655 queruntur
721 588 849 641 fortunae
862 603 933 640 eom-

74 660 255 715 mutationem
272 664 302 717 et
319 661 445 717 Caesaris
462 662 491 715 in
508 678 539 716 se
556 662 756 731 indulgentiam
773 663 931 731 requinmt3

73 739 164 805 neque
175 741 268 791 tamen
285 741 412 807 suscepto
427 737 500 792 bello
515 754 595 792 suum
611 738 753 792 eonsilium
765 739 801 792 ab
819 738 932 807 reliquis

75 827 203 881 separare
214 814 324 869 audent.
357 813 441 869 Inviti
454 830 576 868 summae
587 815 646 883 spei
661 814 850 869 adolescentes
863 816 933 884 spe

74 888 187 942 rederix
196 893 226 943 et
236 889 418 945 Virdumarua
428 890 649 959 Vercingetorigi
658 895 765 960 parent.

117 965 168 1020 '64.
206 965 271 1033 Ipse
282 966 401 1034 imperat
414 966 529 1035 reliquis
544 966 704 1021 civitatibus
720 965 844 1021 obsides:
858 966 932 1019 deni·

74 1057 129 1111 que
141 1041 168 1097 ei
179 1041 219 1096 rei
234 1042 376 1097 constituit
391 1042 479 1097 diem:
497 1042 550 1096 huc
567 1059 662 1098 omnes
678 1044 788 1113 equites
803 1058 841 1096 xv
856 1043 932 1096 milia

73 1134 188 1172 numere
199 1118 325 1174 celeriter
340 1118 486 1173 convenire
501 1118 598 1187 jubet:
617 1119 748 1173 Peditatu
764 1135 848 1188 quem
865 1122 931 1172 ante

74 1192 203 1249 habuerit
214 1210 245 1249 se
256 1195 314 1249 fore
326 1199 485 1250 contentum
498 1195 574 1262 dicit,
586 1212 677 1264 neque
688 1196 827 1250 fortunam
843 1198 932 1248 tenta

74 1272 168 1324 turum
180 1275 229 1326 aut
240 1271 292 1341 [in]
304 1272 363 1326 acie
375 1271 568 1326 dimicaturum
578 1293 584 1337 ;
603 1272 653 1325 sed
665 1271 794 1340 quoniam
806 1270 932 1326 abundet

74 1347 209 1416 equitatu,
226 1349 355 1417 perfacile
372 1364 433 1402 esse
450 1347 526 1402 factu
543 1346 802 1402 frumentationibus
819 1347 932 1415 pabula-

74 1422 250 1492 tionibusque
263 1425 400 1478 Romanos
413 1423 566 1494 probibere,
578 1440 666 1492 aequo
678 1423 759 1477 modo
774 1423 865 1477 anime
881 1439 931 1476 sua

73 1497 128 1567 ipsi
146 1499 285 1554 frumenta
302 1505 479 1569 corrumpant
496 1500 677 1568 aedificiaque
701 1499 858 1566 incendant,
877 1516 932 1568 qua

74 1574 115 1627 rei
124 1574 263 1629 familiaris
269 1574 382 1644 jactura'
389 1580 554 1646 perpetuum
563 1575 709 1644 imperium
718 1576 932 1643 libertatemque

75 1666 105 1703 se
132 1652 261 1720 consequi
287 1651 416 1708 rideant*
450 1654 502 1707 His
528 1653 688 1707 constitutis
716 1652 799 1706 rebus
823 1650 932 1705 Aeduis

76 1725 285 1797 Segusiauisque
297 1729 345 1798 qui
357 1731 422 1785 sunt
433 1728 542 1783 finitimi
562 1729 720 1783 Provinciae
731 1743 751 1781 x
762 1727 838 1782 milia
853 1727 931 1797 pedi-

75 1804 134 1856 tum
158 1803 289 1872 imperat:
315 1804 368 1858 huc
391 1803 470 1859 addit
492 1805 602 1874 equites
619 1819 694 1858 occe.
730 1803 785 1858 His
806 1804 932 1872 praeficit

74 1879 189 1933 fratrem
209 1880 403 1952 Eporedorigis
426 1881 585 1950 bellumque
607 1880 710 1935 inferre
734 1879 932 1948 Allobrogibus

70 1953 160 2023 jubet.
197 1956 296 2010 Altera
318 1974 353 2010 ex
376 1960 456 2025 parte
480 1956 599 2011 Gabalos
624 1957 818 2026 proximosque
844 1973 931 2025 pagos

77 2032 265 2086 Arvernorum
279 2034 308 2086 in
324 2032 447 2098 Helvios,
461 2033 529 2087 item
545 2033 670 2087 Rutenos
685 2032 878 2100 Cadurcosque
893 2032 931 2084 ad

75 2107 144 2162 fines
173 2107 321 2163 Volcarum
351 2109 582 2162 Arecomicorum·
602 2108 808 2177 depopulandos
832 2108 929 2161 mittit

75 2183 271 2239 Nihilominus
287 2184 462 2239 clandestinis
479 2185 585 2238 nunciis
600 2184 838 2253 legationibusque
853 2183 930 2238 Allo-

74 2258 173 2328 brugas
190 2261 325 2329 sollicitat,
340 2277 456 2330 quorum
473 2264 581 2315 mentes
598 2261 718 2314 nondum
735 2260 771 2313 ab
789 2261 929 2327 superiore

74 2336 146 2389 belle
158 2330 293 2392 resedisse
309 2336 445 2406 sperabat.
483 2337 591 2390 Horum
606 2335 776 2405 principibus
792 2336 929 2404 pecunias,

75 2412 182 2467 civitati
193 2418 286 2468 autem
297 2413 442 2482 imperium
454 2412 540 2467 totius
553 2412 711 2467 Provinciae
722 2412 874 2482 pollicetur,

128 2495 167 2544 65.
204 2490 251 2543 Ad
261 2490 311 2544 hos
322 2506 416 2543 omues
427 2505 506 2543 casias
517 2488 625 2555 provisa
637 2492 717 2542 erant
732 2487 869 2556 praesidia
884 2503 930 2542 ce
1019 2525 1023 2534 «

74 2564 193 2619 hortium
207 2566 323 2619 duarum
335 2569 365 2619 et
376 2564 481 2633 viginti,
494 2581 566 2633 quae
582 2581 617 2619 ex
633 2564 694 2633 ipsa
708 2567 803 2618 coacta
819 2563 930 2617 Provin-

74 2641 117 2694 cia
129 2641 164 2695 ab
177 2642 207 2695 L.
218 2642 336 2696 Caesare
347 2641 439 2709 legato
451 2641 487 2694 ad
498 2657 592 2695 omnes
605 2644 699 2709 partes
713 2638 927 2709 opponebantur.
958 2661 961 2666 ·

77 2716 169 2771 Helvii
182 2722 341 2786 aucupante
353 2733 414 2771 eum
427 2717 550 2771 finitimis
560 2716 664 2785 proelio
676 2716 814 2784 congressi
825 2715 930 2783 pellun-

74 2794 128 2856 tur,
141 2796 171 2847 et
183 2793 213 2847 C.
227 2793 338 2847 Valerio
355 2792 521 2860 Donetaure,
535 2791 636 2847 Caburi
652 2792 716 2861 filio,
728 2791 851 2861 principe
866 2791 931 2845 civi-

73 2868 148 2933 tatis,
176 2868 416 2936 compluribusque
446 2868 507 2922 aliis
537 2869 697 2936 interiectis,
724 2870 799 2923 intra
828 2867 931 2937 oppida

73 2955 221 3008 murosque
233 2941 438 3009 eempelluntur.
475 2943 640 3013 Allobroges
652 2944 756 2999 crebris
768 2944 805 2999 ad
818 2943 930 2997 Rhoda-

74 3027 139 3063 num
151 3013 291 3080 dispositis
306 3015 451 3080 praesidiis
466 3033 567 3086 magna
581 3035 644 3073 eum
658 3019 725 3075 cura
739 3024 768 3075 et
785 3019 930 3087 diligentia

75 3098 138 3135 suos
150 3085 218 3138 fines
229 3090 349 3140 tuentur.
386 3090 494 3156 Caesar,
506 3094 582 3161 qued
598 3096 692 3150 hostes
707 3096 834 3165 equitatu
849 3110 930 3163 eupe-

75 3154 160 3208 riores
171 3174 232 3211 esse
242 3160 422 3229 intelligebat,
434 3168 464 3218 et
472 3165 628 3222 interclusis
640 3171 766 3225 omnibus
782 3169 931 3225 itineribus

17 3317 70 3385 A
