2175 3409
489 133 601 181 LIBER
618 133 682 181 VH.
974 143 1021 193 157

168 210 191 262 si
215 209 317 263 nullam
341 203 534 281 praeterquam
558 214 631 267 vitae
657 218 769 269 nostrae
793 216 933 284 jacturam
961 220 1022 274 fieri

166 286 304 353 videremJ
331 287 382 341 sed
404 288 433 341 iu
462 290 575 342 consilio
605 291 737 358 capiendo
766 309 874 347 omnem
904 295 1021 351 Galliam

166 362 343 430 respiciamus
363 376 456 434 quam·
467 365 503 418 ad
520 369 646 419 nostrum
663 368 795 421 auxilium
818 370 1021 426 concitavimus.

167 440 240 504 Quid
256 440 397 493 hominum
415 441 526 496 milibus
545 458 621 496 nxxx
638 459 692 496 uno
710 443 769 498 loco
786 445 941 500 interfectis
956 459 1020 516 pro

164 516 276 585 pinquis
289 518 552 587 consanguineisque
563 520 666 574 nostris
678 522 761 574 animi
773 522 832 575 fore
848 523 1020 591 existimatis,

165 592 188 645 si
200 609 287 661 paene
298 594 327 647 in
338 594 407 663 ipsis
418 594 597 649 cadaveribus
605 596 709 665 proelio
717 597 860 652 decertare
867 603 1019 667 cogentur?

164 668 259 724 Nolite
271 669 321 723 hos
332 674 425 724 vestro
437 671 539 726 auxilio
551 672 712 742 exspoliare,
729 675 776 742 qui
793 677 903 728 vestrae
920 675 1018 729 salutis

163 760 244 799 eausa
268 762 347 799 suum
370 740 520 817 perieulum
543 748 733 816 neglexerunt,
758 766 809 804 nec
838 751 968 806 stultitia
985 769 1017 806 ac

162 823 322 878 temeritate
334 828 395 878 vest
395 840 426 877 ra
433 827 482 878 aut
490 823 680 879 imbecillitate
690 826 772 879 animi
782 842 888 880 omnem
899 828 1017 882 Galliam

162 902 338 966 prosternere
350 904 379 954 et
391 904 542 970 perpetuae
554 901 682 955 servituti
696 902 831 956 addicere
869 903 922 971 An,
940 905 1016 972 quod

161 974 198 1027 ad
222 975 296 1029 dieru
320 992 374 1031 uon
398 981 541 1045 venerunt,
561 977 597 1032 de
616 993 711 1032 eorum
731 978 787 1031 lide
805 980 1016 1048 constantiaque

161 1049 314 1105 dubitatisl
351 1052 423 1118 Quid
447 1069 514 1121 ergo
539 1049 728 1107 Romanos'in
756 1053 810 1107 illis
839 1054 1015 1108 ulterioribus

160 1127 367 1196 munitionibus,
379 1129 497 1184 animine
509 1143 594 1183 causa
609 1129 733 1199 quotidie
751 1130 873 1184 exerceri
890 1131 1013 1199 putatisl

69 1245 72 1250 ,
161 1202 191 1256 si
209 1202 319 1257 illorum
337 1204 442 1258 nunciis
463 1205 618 1259 confirmari
636 1222 691 1259 non
707 1206 826 1276 potestis
843 1207 916 1259 omni
934 1207 1013 1261 aditu

159 1282 316 1349 praesepto,
338 1281 381 1334 his
404 1282 511 1335 utimini
531 1281 651 1336 testibus
675 1282 893 1352 appropinquare
916 1289 1011 1337 eorum

159 1356 317 1425 adventum,
330 1356 407 1426 cujus
419 1354 460 1411 rei
471 1358 571 1417 timore
583 1359 710 1413 exterriti
723 1358 796 1411 diem
808 1362 972 1432 noctemque
982 1361 1011 1414 in

158 1449 243 1501 opere
254 1438 406 1488 versantur.
442 1434 515 1499 Quid
533 1451 600 1503 ergo
616 1435 671 1488 mei
689 1434 792 1489 consilii
810 1437 871 1489 esti
907 1436 1011 1491 Facere

159 1509 233 1576 quod
245 1511 332 1564 nostri
342 1507 463 1579 majores
477 1525 650 1580 nequaquam
667 1511 727 1580 pari
744 1511 817 1565 bello
835 1511 1009 1566 Cimbrorum

158 1585 366 1656 Teutonumque
378 1587 510 1655 iecerint,
523 1588 608 1656 quiin
621 1588 722 1657 oppida
733 1588 864 1657 compulsi
878 1605 911 1642 ae
928 1589 1009 1643 simili

157 1662 248 1731 inopia
260 1662 366 1717 subacti
379 1679 473 1717 eorum
485 1662 651 1731 corporibus,
669 1664 716 1731 qui
734 1666 827 1717 aetate
843 1663 954 1719 inutiles
971 1665 1008 1718 ad

157 1737 258 1792 bellarm
270 1739 441 1806 videbantur,
453 1739 536 1793 vitam
547 1739 734 1793 toleraverunt
733 1756 838 1808 ,neque
846 1757 875 1793 se
883 1740 1007 1795 hostibus

156 1814 340 1869 tradiderunt
377 1811 462 1883 Cujus
481 1815 522 1868 rei
541 1814 564 1867 si
582 1815 738 1884 exemplum
761 1832 816 1870 non
836 1815 1006 1885 haberemus,

155 1892 249 1944 tamen
260 1890 397 1945 libertatis
407 1906 490 1944 eausa
500 1890 608 1944 institui
620 1895 650 1945 et
661 1893 778 1960 posteris
790 1891 870 1959 prodi
881 1892 1005 1961 pulcher-

154 1966 254 2021 rimum
274 1954 436 2035 judicarem
472 1967 544 2025 Nam
568 1967 636 2036 qnid
658 1967 697 2020 illi
722 1967 809 2021 simile
833 1966 906 2021 bello
934 1968 1004 2022 fuiti

155 2042 328 2113 Depopulata
351 2044 440 2098 Gallia
460 2042 564 2098 Cimbri
581 2060 733 2111 magnaque
750 2042 827 2096 illata
849 2042 1004 2098 calamitate

153 2119 253 2172 finibus
264 2120 376 2188 quidem
388 2123 450 2173 nost
451 2119 489 2172 ιιι
502 2119 648 2188 aliquando
660 2121 874 2173 excesseruntat
874 2135 928 2186 que
937 2119 1004 2173 alias

184 2211 243 2249 rras
261 2195 417 2265 petierunt3
435 2195 508 2263 J'ura,
532 2193 616 2263 leges·
639 2212 727 2264 agros,
749 2194 906 2248 libertatem
925 2195 1002 2250 nobis

103 2198 337 2361 filiquempt:
358 2271 474 2325 Romani
492 2288 558 2325 vero
575 2270 643 2341 quid
660 2275 709 2340 pet
697 2273 760 2325 tunt
777 2268 918 2326 aliudt
869 2274 918 2326 aut
936 2271 1002 2339 quid

152 2346 255 2415 volunt,
273 2364 326 2401 ms1
346 2348 449 2401 invidia
470 2347 591 2414 adducti,
609 2364 677 2416 quos
694 2348 767 2400 fama
784 2346 889 2401 nobiles
907 2352 1003 2416 poten·

151 2425 250 2490 tesqua
262 2408 335 2503 bello
348 2412 539 2492 cdgnoverunt
551 2423 668 2476 horum
660 2440 689 2477 ιιι
700 2424 773 2492 agris
791 2422 1002 2492 civitatibusque

150 2487 305 2555 considere
315 2505 400 2570 atque
422 2500 465 2554 his
487 2500 659 2553 aeternam
651 2499 794 2568 injungere
823 2501 1001 2557 servitutem?

151 2574 248 2644 Neque
269 2578 341 2630 enim
360 2593 490 2646 umquam
511 2576 566 2629 alia
584 2576 739 2631 conditione
757 2575 831 2632 bella
848 2565 1040 2644 gesseruntld

150 2652 231 2717 Quod
255 2654 278 2707 si
300 2670 333 2708 ea
357 2653 475 2722 quaein
498 2652 653 2722 longinquis
681 2643 838 2707 nationibus
867 2657 1001 2721 geruntur

148 2727 287 2817 ignoratis,
311 2730 441 2799 respicite
469 2729 613 2783 finitimam
637 2728 761 2798 Galliam,
784 2744 855 2798 quae
880 2729 908 2781 in
937 2746 1000 2798 pro-

148 2803 265 2859 vinciam
276 2804 420 2860 redacta
390 2822 473 2874 ,Jure
491 2809 519 2859 et
536 2805 643 2873 legibus
660 2806 842 2873 commutatis,
859 2805 998 2859 securibus

148 2879 280 2950 subjecta,
291 2886 426 2952 perpetua
438 2882 573 2951 premitur
584 2881 724 2935 servitute
802 2878 808 2890 “

200 2962 240 3014 78
271 2957 421 3013 Sententiis
431 2957 512 3011 dictls
521 2951 783 3025 constituuntutpr]
792 2956 1000 3025 quivalitudme

146 3036 195 3087 aut
212 3037 304 3088 aetate
323 3034 435 3088 inutiles
457 3036 522 3087 suut
542 3031 615 3086 bello
633 3031 734 3100 oppido
753 3033 896 3098 excedant,
914 3036 999 3101 atque

146 3112 237 3164 omnia
249 3111 325 3181 prius
337 3112 514 3181 experiantur
526 3126 608 3179 quam
618 3109 654 3160 ad
664 3108 818 3174 Critognati
829 3108 999 3166 descendant

146 3188 324 3243 senteutiam:
339 3187 386 3242 illo
405 3190 498 3243 tamn
515 3186 607 3256 potius
625 3182 759 3238 utendum
777 3183 894 3250 consiliq,
913 3186 936 3238 si
955 3199 1000 3236 res

200 3261 231 3305 la
997 3311 1081 3379 Α
