2175 3409
11 3281 66 3355 k

74 87 107 136 er
333 85 361 133 c.
379 84 479 134 sonu
497 83 670 133 cussanus
721 67 727 78 '

74 182 171 220 vorum
183 180 311 233 magnum
323 180 468 218 numerum
480 163 608 230 habebat,
617 170 646 217 et
658 164 803 218 nonnullae
812 167 932 234 tempes-

74 245 133 295 tate
150 242 324 310 deperierant
339 256 429 305 naves,
445 239 552 293 duobus
568 241 764 294 commeatibus
781 242 931 295 exercitum
974 262 980 274 ·

75 322 216 385 reportare
227 316 355 370 instituit.
399 319 442 371 Ae
454 315 492 370 sic
503 316 604 369 accidit
620 316 661 370 uti
679 333 712 371 ex
728 320 806 370 tanto
822 318 931 370 navium

74 408 195 458 numere,
215 395 258 446 tot
278 391 502 459 navigationibus,
520 408 610 459 neque
626 391 678 445 hoe
690 408 779 461 neque
791 393 931 460 superiore

74 484 144 521 anno
164 467 221 521 ulla
237 467 347 520 omnino
364 467 440 520 navis
452 482 523 536 quae
534 467 636 520 milites
649 469 776 535 portaret
793 467 931 521 desidera·

74 547 160 610 retur,
173 545 249 596 etex
261 542 294 595 iis
307 559 377 610 quae
389 542 483 596 inanes
495 559 529 595 ex
547 543 698 596 continenti
711 543 821 597 adeum
837 544 931 597 remit

77 622 210 682 terentur,
224 617 276 687 [et]
288 618 389 685 prioris
408 623 577 672 commeatus
595 619 727 686 expositis
745 619 885 684 militibus,
901 622 931 673 et

75 710 143 761 quas
161 698 258 762 postea
276 693 412 747 Labienus
431 693 568 748 iaciendas
587 698 730 747 curaverat
751 696 930 761 numerdux,
966 719 978 740 a

74 786 225 838 perpaucae
233 769 322 823 locum
334 773 472 838 caperent,
482 769 605 837 reliquae
617 770 675 823 lere
684 786 778 823 omnes
787 769 932 837 rejiceren-

75 849 130 899 tur.
163 846 236 910 Quas
245 861 329 913 quum
337 845 506 912 aliquamdiu
516 845 618 899 (laessi
625 845 931 913 frustraexspectasset,

75 937 109 973 ne
118 937 181 973 anm
173 920 317 988 tempore
329 936 346 973 a
356 921 529 988 navigatione
541 920 742 985 excluderetur,
754 920 828 987 quod
838 920 931 989 aequi-

75 997 194 1052 noctium
207 996 327 1064 suberat,
338 996 490 1050 necessario
502 997 646 1064 angustius
662 996 765 1050 milites
780 996 929 1062 collocavit,

75 1087 107 1125 ac
122 1089 227 1125 summa
238 1071 390 1140 tranquillit
391 1075 438 1125 ate
449 1061 604 1138 consecuta}
615 1072 735 1126 secunda
746 1070 836 1141 [inita]
846 1088 931 1159 quum
966 1093 971 1110 ¹

70 1147 201 1202 solvisset
213 1147 313 1215 vigilia,
325 1148 414 1216 prima
426 1147 486 1201 luce
501 1151 606 1202 terram
620 1147 716 1215 attigit
728 1162 876 1215 omnesque
890 1147 931 1200 in-

73 1223 196 1277 columes
208 1240 291 1277 naves
301 1222 439 1291 perduxit.

127 1305 168 1353 24.
204 1298 473 1354 Subductisnavibus
481 1298 650 1367 concilioque
658 1296 798 1350 Gallorum
808 1297 931 1351 Samare

75 1374 169 1428 brivae
178 1379 295 1443 peracto,
307 1374 383 1442 quod
394 1391 427 1427 eo
439 1390 509 1427 anno
521 1373 691 1427 frumentum
702 1373 731 1425 in
747 1372 835 1426 Gallia
849 1389 930 1440 prop

75 1454 120 1506 ber
130 1451 268 1504 siccitates
279 1450 422 1517 angustius
434 1452 605 1517 provenerat,
617 1452 727 1503 coactus
743 1451 786 1501 est
802 1448 883 1501 aliter
898 1464 931 1501 ac

75 1524 260 1593 superioribus
271 1526 349 1578 anuis
361 1524 512 1578 exercitum
524 1524 553 1576 in
562 1524 683 1578 hibemis
700 1523 831 1577 collocare
848 1523 931 1591 legio·

74 1617 176 1668 aesque
185 1601 213 1654 in
221 1600 314 1669 plures
322 1601 447 1654 civitates
456 1599 636 1653 distribuere:
649 1617 684 1653 ex
696 1598 796 1666 quibus
807 1615 889 1651 unam
901 1599 929 1652 in

75 1676 196 1730 Morinos
215 1676 367 1730 ducendam
387 1675 417 1731 O.
439 1674 525 1729 Fabio
543 1675 635 1742 legato
654 1674 747 1738 dedit;
767 1674 882 1727 alteram
901 1674 929 1727 in

74 1752 192 1806 Nervios
204 1752 236 1815 Q.
249 1751 387 1815 Ciceroni3
400 1751 511 1805 tertiam
522 1750 551 1803 in
565 1751 666 1804 lissuos
679 1749 710 1803 L.
724 1749 838 1813 Rosoi03
849 1766 930 1817 quar-

75 1831 132 1880 tam
150 1827 180 1879 in
197 1826 290 1879 Remis
306 1843 367 1879 cum
387 1825 416 1881 Τ.
437 1825 558 1880 Labieno
576 1826 605 1879 in
623 1825 739 1880 confinio
758 1825 930 1879 Trevirorum

75 1902 195 1956 hiemare
203 1902 289 1970 jussit
296 1924 303 1969 ;
315 1905 373 1956 tres
384 1902 411 1955 in
424 1902 518 1970 Belgis
526 1902 681 1956 collocavit:
701 1900 744 1953 his
753 1901 790 1954 M.
800 1899 929 1954 Crassum

76 1982 247 2046 quaestorem
263 1983 292 2032 et
310 1979 341 2033 L.
353 1978 507 2031 Munatium
522 1978 652 2031 Plancum
668 1980 698 2030 et
714 1976 744 2030 O.
764 1976 929 2030 Trebonium

75 2055 180 2122 legatos
192 2054 331 2123 praefecit.
366 2054 457 2108 Unam
468 2054 610 2121 legionem,
622 2068 705 2122 quam
717 2053 841 2120 proxime
852 2055 930 2105 trans

76 2130 182 2186 Padum
194 2130 400 2199 conscripserat,
413 2134 441 2184 et
453 2130 580 2183 cohortes
597 2130 718 2197 quinque
734 2128 762 2181 in
779 2128 928 2195 Eburones,
1025 2154 1030 2164 ·

75 2221 191 2274 quorum
203 2222 267 2275 pars
278 2206 397 2259 maxima
409 2209 452 2259 est
468 2206 541 2259 inter
558 2205 664 2258 Mosam
681 2220 714 2257 ac
731 2203 867 2270 Rhenum,
881 2203 929 2271 qui

75 2281 126 2336 sub
144 2282 259 2350 imperio
277 2281 445 2349 Ambiorigis
461 2284 491 2335 et
507 2280 638 2335 Cativolci
654 2283 741 2345 erant,
757 2279 838 2333 misit.
875 2279 929 2332 llis

75 2357 207 2412 militibus
231 2357 262 2423 Q.
288 2357 423 2411 Titurium
448 2355 580 2409 Sabinum
604 2359 634 2409 et
658 2354 689 2408 L.
713 2353 929 2408 Aurunculeium

76 2432 185 2487 Cottam
197 2432 303 2501 legatos
313 2448 442 2501 praeesse
449 2431 541 2499 jussit.
579 2431 626 2486 Ad
637 2431 709 2483 hunc
717 2430 829 2484 modum
838 2429 930 2484 distri-

75 2508 150 2561 butis
161 2508 313 2576 legionibus
325 2508 452 2561 facillime
463 2506 779 2575 inopiaefrumentariae
796 2521 857 2559 sese
873 2521 929 2559 me-
957 2525 969 2542 ··
1076 2515 1079 2530 ·

75 2582 136 2636 deri
159 2600 239 2651 posse
262 2583 443 2638 existimavit:
467 2586 551 2653 atque
573 2582 671 2636 harum
694 2585 786 2636 tamen
809 2582 929 2635 omnium

74 2657 212 2725 legionum
227 2658 348 2726 hiberna,
361 2661 544 2727 praeteream
557 2675 640 2727 quam
652 2657 682 2711 L.
697 2657 795 2710 Roscio
806 2657 835 2709 in
850 2673 930 2724 paea-

75 2733 208 2789 tissimam
225 2737 254 2789 et
275 2734 473 2803 quietissimam
496 2738 605 2804 partem
629 2733 782 2787 ducendam
805 2732 929 2800 dederat,

75 2808 185 2863 milibus
203 2826 331 2878 passuum
350 2813 460 2864 centum
479 2809 696 2865 continebantur.
733 2809 797 2877 Ipse
815 2809 928 2876 interca,

77 2883 168 2948 quoad
178 2885 299 2952 legiones
310 2885 469 2941 collocasset
484 2885 646 2955 munitaque
662 2885 776 2939 hiberna
792 2882 930 2951 cognovis-

77 2957 145 3023 set,'
137 2973 166 3009 ιιι
178 2959 267 3012 Gallia
278 2961 378 3013 morari
389 2962 539 3017 constituit.

129 3036 169 3085 25.
207 3034 293 3086 Erat
285 3051 313 3086 ιιι
327 3035 492 3090 Carnutibus
504 3054 610 3091 summo
618 3038 677 3092 loeo
686 3039 767 3090 natus
777 3035 928 3104 Tasgetius,

77 3102 156 3167 eujus
166 3107 284 3172 maJores
296 3108 324 3160 in
336 3125 385 3161 sua
393 3110 503 3165 civitate
512 3129 627 3179 regnum
636 3112 819 3168 obtinuerant
855 3111 929 3168 Huic
