2175 3409
533 153 642 201 LIBER
659 154 713 204 111.
1011 160 1041 209 57

179 235 272 289 satas
310 231 416 287 Paucae
430 232 543 286 ultimae
560 235 682 287 nationes
699 237 761 289 anni
776 239 901 306 tempore
916 238 1042 301 conlisae,

191 310 265 376 quod
277 308 364 362 hiems
376 308 496 376 suberat,
509 309 560 362 hoe
571 311 660 363 faeere
673 311 861 440 neglexerunt

243 390 284 439 28.
321 384 427 438 Eodem
443 384 500 438 fere
514 388 639 454 tempore
656 385 792 475 Caesone
794 387 829 441 tsi
845 404 930 457 prope
946 394 1043 466 exacta

132 459 246 526 jam
258 463 350 514 aestas
360 463 428 529 erat,
440 463 532 515 mmen
548 461 621 549 quod
636 462 709 515 omni
726 461 814 516 Gallia
830 468 927 531 pamta
941 449 1041 520 Morini

190 535 366 604 Menapiique
375 540 537 605 supereraut
547 537 594 605 qui
603 537 631 591 iu
642 538 725 591 armis
734 543 825 592 essent
834 540 968 612 nequead
977 558 1041 595 eum

189 628 319 679 umquam
332 612 436 680 legates
448 612 483 666 de
495 628 567 681 paee
574 612 720 680 misissent,
732 613 884 668 arbitratus
894 615 925 669 id
939 615 1040 670 bellum

189 687 316 742 celeriter
328 688 424 742 confici
440 704 520 757 posse
536 705 569 742 eo
585 689 735 744 exercitum
749 690 881 758 adduxit3
899 692 947 760 qui
960 692 1040 761 longe

189 762 242 816 ulia
261 764 368 819 ratione
388 780 420 818 ac
440 764 539 833 reliqui
558 764 629 818 Galli
648 763 748 819 bellum
766 782 863 834 gerere
883 774 1038 837 coeperunt.

190 838 215 891 N
217 855 261 892 am
273 841 347 908 quod
361 838 551 908 intelligebant
567 838 699 894 maximae
715 841 838 896 nationes
851 858 923 912 quae
936 844 1040 914 proelio

188 917 393 971 contendissent
411 916 504 986 pulsas
519 920 718 985 superatasque
733 933 800 986 esse,
814 918 1039 988 continentesque

188 991 269 1045 silvas
281 1009 313 1046 ac
325 993 439 1062 paludes
450 991 596 1058 habebant,
609 1008 642 1045 eo
654 1009 683 1046 se
695 1010 798 1062 suaque
812 994 903 1048 omnia
919 996 1039 1050 contule-

187 1072 258 1122 runt.
290 1069 338 1122 Ad
349 1085 466 1139 quarum
476 1068 585 1121 initium
597 1068 726 1122 silvarum
738 1086 822 1139 quum
835 1069 935 1123 Caesar
946 1087 1039 1140 perve-

188 1144 273 1199 nisset
283 1148 427 1215 castraque
439 1144 545 1198 munire
556 1143 730 1212 instituisset,
738 1161 825 1213 neque
834 1145 920 1202 hostis
928 1147 1037 1201 interim

187 1219 260 1272 visus
273 1224 354 1288 esset,
369 1221 500 1291 dispersis
512 1220 540 1273 in
553 1236 637 1288 opere
649 1221 750 1274 nostris
761 1220 852 1275 subito
865 1239 898 1275 ex
913 1222 1037 1276 omnibns

187 1296 312 1362 partibus
324 1295 407 1351 silvae
420 1297 597 1351 evolaverunt
609 1299 639 1349 et
652 1296 681 1349 in
697 1300 805 1349 nostros
819 1297 951 1365 impetum
967 1297 1037 1352 iece-

187 1374 257 1424 runt.
293 1372 389 1427 Nostri
405 1373 533 1427 celeriter
549 1389 625 1427 arma
640 1375 773 1441 oeperunt
788 1388 889 1441 eosque
901 1373 936 1427 ¹iu
956 1373 1036 1427 silvas

186 1448 371 1518 reppulerunt,
384 1452 414 1504 et
427 1447 612 1517 compluribus
630 1448 781 1502 interiectis
799 1449 905 1517 longius
921 1451 1035 1519 impedi-

173 1522 302 1577 tioribus
313 1525 378 1579 locis
391 1526 478 1579 secuti
489 1539 590 1594 paucos
603 1526 637 1578 en'
650 1524 705 1577 suis
717 1524 940 1594 deperdiderumt.

237 1606 277 1654 29.
314 1600 439 1671 Reliquis
451 1600 581 1670 deinceps
597 1599 694 1654 diebus
709 1601 810 1655 Caesar
824 1600 905 1657 silvas
919 1604 1035 1658 caedere

185 1675 312 1744 instituit,
319 1680 348 1731 et
355 1693 389 1731 ne
398 1676 472 1748 quis
466 1675 616 1729 inermibus
624 1676 973 1747 imprudentibusque
902 1679 960 1732 mili
961 1679 1034 1734 tibus

185 1749 220 1804 ab
240 1751 328 1806 latere
349 1752 469 1821 impetus
490 1752 550 1806 fieri
567 1754 667 1821 posset,
687 1768 795 1806 omnem
813 1770 873 1807 eam
891 1756 1033 1809 materiam

83 1823 91 1842 “
185 1843 255 1908 quae
268 1831 328 1881 erat
340 1844 419 1882 mesa
433 1844 590 1882 conversam
607 1827 643 1881 ad
656 1827 763 1882 hostem
777 1828 926 1883 collocabat
940 1833 969 1884 et
982 1846 1033 1899 pro

184 1898 254 1957 vallo
266 1903 302 1957 ad
313 1908 462 1974 utrumque
473 1904 547 1958 latus
559 1902 728 1958 exstruebat
765 1904 924 1959 Incredibili
940 1907 1033 1961 celeri·

183 1982 243 2033 tate
263 1996 361 2048 magno
382 1980 472 2049 spatio
493 1979 586 2048 paucis
607 1978 703 2033 diebus
723 1981 853 2049 conlecto,
872 1998 955 2049 quum
972 1982 1031 2050 jam

184 2072 266 2123 pecus
277 2060 361 2124 atque
373 2058 500 2124 extrema·
507 2055 704 2123 impedimenta
712 2055 747 2108 ab
756 2059 818 2109 nest
819 2057 856 2109 ris
866 2060 1030 2125 tenerentur,

183 2131 235 2200 ipsi
247 2132 386 2187 densiores
398 2132 479 2186 silvas
491 2134 625 2200 peterent,
633 2130 767 2199 ejusmodi
776 2136 840 2186 sunt
851 2135 1031 2202 tempestates

183 2211 343 2262 consecutae
360 2208 401 2262 nti
419 2224 487 2277 opus
505 2207 657 2261 necessario
677 2207 909 2263 intermitteretur
925 2214 954 2263 et
971 2227 1031 2263 con-

183 2282 336 2338 tinuatione
348 2282 477 2338 imbrium
489 2283 593 2338 diutius
605 2282 656 2336 sub
665 2282 782 2352 pellibus
791 2283 891 2338 milites
900 2287 1030 2340 contineri

183 2375 236 2412 nou
248 2364 367 2427 possent.
398 2360 497 2429 Itaque
508 2359 622 2414 vastatis
634 2358 759 2412 omuibus
770 2375 864 2413 eorum
876 2361 956 2428 agris,
965 2362 1030 2414 vicis

183 2435 367 2505 aedificiisque
388 2436 510 2501 incensis,
529 2436 630 2491 Caesar
651 2433 800 2488 exereitum
818 2435 937 2505 reduxit,
955 2442 984 2491 et
1002 2439 1029 2490 iu

184 2511 309 2566 Aulercis
336 2513 523 2582 herodisque,
547 2511 658 2578 reliquis
686 2510 752 2563 item
780 2510 936 2567 civitatibus
960 2530 1030 2583 quae

182 2588 306 2657 proxime
317 2589 418 2643 bellum
431 2590 559 2654 fecerant,
572 2589 600 2639 in
614 2586 733 2639 hibernis
745 2586 892 2642 collocavit.
