2175 3409
506 132 619 180 LIBER
639 133 701 180 VII.
978 137 1024 184 145

168 214 344 285 iniquitatem
359 213 412 268 loci
425 214 572 269 accideret.
609 216 719 280 Quianto
733 230 816 283 opere
831 231 925 268 eorum
941 215 1025 269 animi

168 292 386 360 magnitudinem
409 291 595 344 admiraretur
613 307 682 359 quos
698 307 753 344 non
770 295 923 344 castrorum
940 293 1026 345 muni-

168 369 266 435 tiones,
283 384 338 422 111
355 367 474 421 altitudo
490 367 599 434 montis,
617 384 671 421 non
689 384 784 421 murus
801 367 896 436 oppidi
912 368 1025 422 tardare

168 444 312 513 potuisset,
330 446 409 497 tanto
425 459 510 512 opere
526 443 663 498 licentiam
679 442 917 512 arrogantiamque
932 460 1026 513 repre-

170 519 298 586 bendere,
315 519 391 590 quod
413 520 476 590 plus
499 536 530 574 se
548 536 630 587 quam
647 519 842 588 imperatorem
858 519 896 576 de
912 520 1026 575 victoria

170 600 254 664 atque
271 596 349 651 exitu
358 612 453 649 rerum
465 596 568 650 sentire
580 595 784 650 existimarent:
795 612 845 650 nec
857 597 946 651 minus
958 597 1024 651 sein

171 673 259 727 milite
268 672 432 726 modestiam
444 675 474 726 et
485 671 682 726 continentiam
695 688 778 740 quam
792 672 925 727 virtutem
940 678 1025 742 atque

169 749 253 804 1111111
265 748 482 816 magnitudinem
494 748 660 803 desiderare.
995 756 998 761 '

223 831 263 879 53.
301 826 363 879 Hac
377 824 473 878 habita
487 824 615 879 contione
630 824 712 879 etad
727 826 882 879 extremum
899 824 1024 879 oratioue

169 902 337 955 corifirmatis
344 899 490 968 militibus,
502 901 546 955 Ne
558 899 594 954 ob
605 901 676 955 hanc
686 918 796 955 1111111
811 901 901 954 animo
917 918 1024 970 penno

170 982 307 1046 vorentur,
326 994 381 1032 neu
403 977 479 1047 quod
496 976 628 1045 iniquitas
645 977 697 1030 lori
714 977 854 1031 attulisset
876 977 907 1030 id
928 977 1025 1032 virtuti

170 1053 291 1107 bostium
303 1054 465 1121 tribuerent,
477 1053 575 1108 eadem
588 1053 624 1107 de
635 1053 805 1121 profectione
818 1053 940 1121 cogitans
954 1070 1025 1123 quae

170 1133 237 1184 ante
249 1134 379 1196 senserat,
392 1130 512 1198 legiones
520 1146 557 1199 11Ι
565 1131 662 1184 castris
671 1129 769 1182 eduxit
778 1129 917 1197 aciemque
925 1129 1025 1184 idoneo

170 1206 231 1260 loco
253 1206 403 1261 constituit.
439 1207 529 1272 Quum
553 1205 762 1273 Vercingetorix
785 1204 870 1258 nihilo
886 1205 977 1258 minus
996 1206 1025 1260 in

170 1299 289 1351 aequum
307 1283 397 1337 locum
414 1283 606 1349 descenderet,
624 1282 677 1335 levi
695 1282 768 1336 facto
784 1282 906 1348 equestri
921 1282 1025 1351 proelio

170 1362 255 1427 atque
272 1375 305 1413 eo
323 1360 443 1414 11111111
459 1359 488 1413 11
505 1363 597 1413 castra
612 1358 764 1412 exercitum
781 1357 900 1412 reduxit
935 1358 1025 1422 Quium

171 1436 223 1490 boc
241 1436 316 1490 idem
333 1440 445 1506 postero
463 1435 510 1490 die
523 1435 640 1500 fecisset,
656 1434 724 1488 satis
739 1434 776 1488 ad
791 1434 923 1488 Gallicam
937 1438 1025 1488 osten-

171 1512 304 1567 tationem
322 1513 497 1567 minuendam
514 1512 689 1581 militumque
705 1512 809 1565 animos
825 1509 1025 1565 confirmandos

171 1590 274 1643 factum
293 1590 453 1655 existimaus
471 1590 499 1642 in
519 1589 635 1642 Aeduos
658 1588 745 1643 morit
762 1589 860 1642 castra
898 1587 942 1642 Ne
964 1590 1024 1642 tum

171 1665 285 1734 quidem
302 1666 432 1720 insecutis
448 1665 574 1719 hostibus
591 1664 675 1718 tertio
692 1664 739 1718 die
755 1665 792 1718 ad
809 1664 910 1719 flumen
926 1663 1026 1719 Elaver

171 1745 285 1811 pontem
297 1742 394 1796 reiecit
405 1744 489 1810 atque
501 1740 653 1795 exereitum
665 1741 829 1796 transduxit

224 1823 265 1871 54.
303 1817 347 1871 lbi
371 1835 388 1871 a
410 1817 577 1871 Virdumaro
600 1820 685 1885 atque
709 1817 896 1887 Eporedorige
919 1816 1026 1872 Aeduis

171 1893 326 1962 appellatus
338 1894 419 1948 discit
431 1910 492 1947 eum
505 1893 578 1946 omni
593 1894 718 1962 equitatu
733 1893 885 1947 Litavicum
901 1893 938 1947 ad
954 1893 1026 1947 solli-

171 1969 298 2023 citandos
318 1970 430 2023 Aeduos
443 1969 613 2037 profectum3
632 1985 702 2038 opus
720 1985 780 2022 csse
792 1968 844 2037 [ct]
860 1969 936 2038 ipsos
950 1973 1026 2023 ante-

171 2045 273 2100 cedere
293 2045 330 2099 ad
349 2045 565 2099 confirmandam
588 2044 734 2098 cintatem.
771 2045 830 2099 Etsi
853 2044 947 2097 multis
966 2044 1025 2112 jam

172 2122 254 2175 rebus
270 2122 415 2191 perfidiam
433 2122 595 2175 Aeduorum
611 2124 784 2190 perspectam
800 2119 926 2185 habebat,
941 2123 1026 2188 atquo

172 2198 271 2251 borum
284 2198 405 2252 discessu
417 2197 588 2251 admaturari
600 2197 784 2251 defectionem
798 2196 918 2250 civitatis
933 2197 1027 2250 existi-

173 2274 276 2340 mabat,
286 2277 379 2328 tamen
391 2289 439 2327 cos
449 2273 609 2328 retinendos
621 2289 676 2326 non
688 2271 802 2338 censuit,
813 2288 850 2325 ne
863 2276 911 2326 aut
924 2271 1025 2325 inferre

172 2349 300 2418 injuriam
324 2348 472 2418 rideretur,
490 2353 540 2404 ant
563 2348 630 2403 dare
652 2347 760 2403 timoris
777 2348 897 2417 aliquam
915 2347 1027 2417 suspici-

172 2442 261 2480 onem,
290 2425 503 2480 Discedentibus
514 2426 558 2480 his
569 2425 691 2480 breviter
702 2441 752 2478 sua
763 2425 791 2477 in
804 2424 916 2479 Aeduos
927 2424 1027 2478 merita

173 2501 294 2570 exponit,
306 2517 375 2570 qnos
385 2505 418 2556 et
429 2518 513 2571 qnam
528 2502 645 2555 humiles
661 2501 819 2570 accepisset,
831 2501 983 2570 compulsos
997 2500 1027 2554 in

171 2577 282 2648 oppida,
294 2578 425 2632 mtrltatos
440 2578 521 2646 agris,
533 2577 661 2631 carnibus
679 2578 780 2646 ereptis
796 2578 888 2648 copiis,
900 2578 1027 2647 imposito

172 2654 318 2724 stipendio,
330 2653 472 2708 obsidibus
484 2670 591 2708 summa
603 2669 666 2707 cum
680 2654 846 2709 contumelia
858 2654 983 2721 extortis,
997 2656 1028 2707 et

172 2746 256 2800 qnam
267 2730 295 2784 in
305 2730 445 2784 fortunam
457 2745 594 2799 quamque
605 2729 634 2782 in
646 2730 854 2799 amplitudinem
866 2730 1028 2784 deduxisset

172 2810 271 2861 utnon
284 2806 372 2861 solum
383 2805 412 2858 in
423 2805 569 2875 pristinum
581 2808 684 2860 statum
695 2807 838 2871 redissent,
847 2806 897 2860 sed
907 2807 1028 2859 omnium

174 2887 329 2952 temporum
348 2881 512 2949 dignitatem
525 2887 556 2938 et
577 2882 694 2950 gratiam
710 2882 887 2937 antecessisse
902 2882 1028 2937 11111111·

172 2962 227 3013 tur.
264 2959 317 3013 His
328 2958 402 3012 datis
413 2957 552 3012 mandatis
562 2974 610 3012 eos
621 2958 656 3012 ab
669 2975 699 3012 se
710 2958 821 3014 dimisit.

226 3041 266 3088 55.
304 3034 496 3088 Noviodunum
508 3037 571 3088 erat
581 3034 715 3103 oppidum
725 3035 886 3087 Aeduorum
899 3033 937 3086 ad
952 3031 1027 3101 ripas

175 3110 283 3179 Ligeris
306 3114 461 3184 opportuno
481 3109 540 3164 loco
560 3112 688 3180 positum.
723 3110 787 3164 Huc
810 3108 911 3162 Caesar
933 3120 1028 3160 omnes

173 3187 284 3242 obsides
296 3187 409 3255 Galliae,
419 3186 596 3253 frumentum,
609 3186 751 3255 pecuniam
762 3183 907 3251 publicam,
919 3197 1027 3235 suorum
