2175 3409
461 116 573 165 LIBER
590 117 672 168 VIII.
947 126 1005 177 171.

139 199 222 267 longae
244 212 342 252 caussa
363 195 463 251 initum
486 197 682 268 suspicaretur,
702 198 826 268 legiones
844 208 995 271 promovet,

140 282 246 330 turmas
260 274 348 329 mittit
361 273 399 328 ad
412 273 627 343 insequendum:
640 275 699 343 ipse
710 278 814 331 veritus
827 278 949 345 insidias,
961 297 996 335 ne

139 354 213 406 forte
224 351 253 405 in
265 351 364 405 eodem
375 351 436 404 loco
448 351 613 405 subsisteret
625 352 713 405 hostis
727 359 810 421 atque
821 354 922 410 elicere
933 372 996 410 nos«

139 434 198 484 tros
224 429 253 483 in
280 429 370 483 locum
396 431 543 482 conaretur
570 430 703 497 miquum,
727 430 836 484 tardius
858 432 995 500 procedit.

141 507 256 575 Equites
270 522 356 575 quum
369 506 474 559 intrare
488 505 593 558 fumum
609 510 639 559 et
652 506 789 560 flammam
805 507 995 563 densissimam

139 586 278 651 timerent,
290 601 330 653 ac,
339 584 362 637 si
374 583 421 652 qui
430 582 560 650 ¹cupidius
572 584 749 652 intraverant,
762 584 807 638 rix
819 601 930 640 suorum
942 587 995 655 ipsi

139 662 245 731 priores
265 665 361 731 partes
381 659 501 713 animum
522 659 702 714 adverterent
723 678 863 730 equorum,
880 661 996 716 insidias

139 739 221 792 veriti
232 738 346 793 liberam
358 737 517 791 facultatem
530 737 571 805 eui
583 738 733 806 recipiendi
746 739 898 793 Bellovacis
910 738 995 794 dede-

139 817 212 868 runt.
248 816 294 870 Ita
309 816 374 884 luga
390 815 497 869 timoris
512 814 593 867 simul
610 815 823 885 calliditatisque
839 816 921 885 plena
937 817 995 870 sine

139 891 195 944 ullo
215 891 382 947 detrimento
400 891 476 944 milia
494 907 550 945 non
568 892 685 960 amplius
703 907 722 944 x
742 891 881 961 progressi
901 892 995 946 hostes

138 966 199 1021 loco
216 968 398 1022 munitissimo
416 973 508 1022 castra
526 971 684 1037 posuerunt.
720 967 792 1022 Inde
809 985 893 1036 quum
911 984 995 1037 saepe

138 1044 167 1097 iu
179 1045 286 1099 insidiis
302 1045 410 1114 equites
427 1044 592 1113 peditesque
603 1043 789 1113 disponerent,
800 1060 900 1112 magna
912 1043 995 1097 detri-

139 1123 233 1174 menta
245 1121 375 1175 Romanis
387 1122 415 1175 in
426 1120 648 1190 pabulationibus
659 1120 821 1174 inferebant.

194 1200 235 1254 17.
270 1197 350 1261 Quod
364 1214 448 1267 quum
462 1197 585 1252 crebrius
599 1196 745 1264 accideret,
758 1212 793 1249 ex
807 1194 916 1265 captivo
930 1211 995 1264 quo-

139 1272 205 1325 dam
222 1274 356 1342 comperit
377 1273 477 1328 Caesar
499 1273 639 1340 Cor-reum,
661 1272 867 1326 Bellovacorum
888 1270 994 1340 ducem,

139 1347 349 1403 fortissimorum
362 1349 437 1403 milia
448 1365 478 1403 vr
489 1349 619 1418 peditum
631 1348 774 1417 delegisse,
785 1347 950 1416 equitesque
960 1365 995 1402 ex

139 1425 213 1479 omni
229 1442 344 1480 numero
358 1426 441 1494 mille,
459 1443 528 1495 quos
544 1427 573 1480 in
590 1425 697 1479 insidiis
715 1441 748 1478 eo
764 1424 825 1478 loco
841 1423 995 1495 collocaret,

139 1517 222 1569 quem
235 1502 264 1556 in
281 1503 371 1556 locum
388 1506 502 1572 propter
517 1501 623 1570 copiam
637 1500 770 1555 frumenti
783 1516 816 1554 ac
831 1499 926 1569 pabuli
943 1501 996 1555 Ro

138 1594 234 1631 manos
246 1577 430 1649 [pabulatum]
442 1579 573 1631 missuros
585 1577 777 1646 simpicaretur.
812 1576 873 1641 Quo
885 1577 995 1645 cognito

139 1654 249 1708 consilio
271 1656 373 1710 Caesar
392 1654 514 1723 legiones
534 1653 628 1723 plures
649 1669 730 1722 quam
755 1652 862 1706 solebat
885 1653 995 1720 educit;

139 1730 349 1801 equitatumque
370 1747 425 1801 qua
445 1729 642 1800 cousuetudine
658 1729 866 1799 pabulatoribus
884 1730 995 1785 mittere

138 1806 277 1876 praesidio
288 1810 434 1861 consuerat
445 1805 607 1874 praemittit.
645 1806 718 1860 Huic
731 1806 883 1875 interponit
895 1806 995 1860 auxilia

138 1883 207 1937 levis
219 1886 387 1937 armaturae·
398 1883 458 1952 ipse
470 1899 532 1937 oum
543 1882 697 1952 legionibus
709 1898 792 1951 quam
803 1885 896 1951 potest
910 1882 996 1936 maxi-

139 1975 184 2013 me
196 1925 407 2029 adpropinquat

194 2042 233 2090 18.
270 2035 374 2090 Hostes
391 2035 420 2089 in
436 2033 543 2087 insidiis
557 2033 692 2103 dispositi,
708 2048 793 2101 quum
807 2031 861 2086 sibi
877 2031 995 2101 delegis-

139 2115 203 2167 sent
211 2129 337 2181 campum
346 2111 383 2167 ad
392 2128 450 2166 rem
459 2111 610 2179 gerendam
621 2128 675 2165 non
684 2109 801 2179 amplius
812 2112 953 2179 patentem
966 2110 994 2163 in

139 2204 233 2243 omnes
241 2192 335 2257 partes
343 2188 469 2258 passibus
477 2187 560 2255 mille,
569 2187 643 2241 silvis
651 2185 773 2255 undique
780 2185 995 2254 impeditissimis

139 2266 189 2317 aut
211 2264 345 2318 altissimo
368 2264 479 2317 flumine
502 2263 647 2331 munitum,
670 2262 745 2316 velut
768 2261 897 2330 indagine
922 2260 995 2315 huno

138 2338 247 2392 insidiis
274 2339 522 2394 circumdederunt.
557 2339 708 2409 Explorato
734 2337 854 2392 hostium
883 2337 995 2392 consilio

139 2415 228 2468 nostri
242 2414 278 2468 ad
292 2415 482 2485 proeliandum
498 2414 589 2469 animo
603 2418 689 2484 atque
705 2415 788 2468 armis
801 2413 898 2483 parati,
911 2430 995 2481 quum

139 2490 369 2561 subsequentibus
381 2492 533 2560 legionibus
548 2491 651 2545 nullam
669 2490 872 2545 dimicationem
888 2507 995 2545 recusa-

139 2571 210 2635 rent,
235 2568 378 2623 turmatim
400 2569 429 2622 in
453 2585 515 2622 eum
540 2568 631 2622 locum
657 2566 836 2621 devenerunt.
872 2567 994 2632 Quorum

92 2708 97 2715 Ι
139 2643 262 2698 adventu
285 2660 369 2713 quum
396 2644 447 2698 sibi
472 2643 591 2698 Correus
615 2643 735 2697 oblatam
759 2643 929 2698 occasionem
954 2644 995 2698 rei

138 2720 277 2790 gerendae
297 2720 476 2788 existimaret,
495 2721 614 2790 primum
633 2736 695 2774 cum
713 2721 808 2789 paucis
825 2737 855 2775 se
872 2721 996 2775 ostendit

138 2800 223 2866 atque
240 2798 268 2851 in
284 2797 423 2866 proximas
437 2801 543 2851 turmas
560 2797 693 2865 impetum
711 2797 784 2851 fecit
821 2797 918 2850 Nostri
935 2812 996 2849 eon-

139 2876 247 2928 stanter
254 2875 394 2929 incursum
407 2875 543 2928 sustinent
554 2873 752 2938 insidiatorum,
762 2887 851 2940 neque
863 2871 956 2939 plures
967 2870 995 2923 in

138 2965 224 3003 unum
244 2950 334 3004 locum
356 2950 528 3015 conveniunt,
547 2948 622 3018 quod
642 2949 804 3018 plerumque
822 2945 996 3014 equestribus

139 3025 251 3095 proeliis
269 3043 354 3095 quum
375 3030 491 3096 propter
514 3026 634 3095 aliquem
658 3025 786 3078 timorem
807 3021 915 3088 accidit,
935 3025 995 3074 tum

138 3102 317 3157 multitudine
328 3104 449 3172 ipsorum
461 3103 659 3158 detrimentum
671 3101 811 3169 accipitur.

193 3185 234 3233 19.
258 3181 348 3245 Quum
361 3179 501 3249 dispositis
512 3177 614 3234 turmis
625 3177 654 3231 in
666 3177 754 3230 vicem
766 3175 821 3228 rari
829 3171 996 3242 proeliaren-
