2175 3409
83 115 131 163 102
357 110 386 159 C.
403 109 423 158 J
424 108 505 159 ULII
522 109 696 159 CAESARIS

81 187 183 243 mactis
194 186 346 257 legionibus
357 186 394 241 de
404 187 592 257 improvisoin
601 188 670 243 fines
687 188 853 248 Nerviorum
867 206 930 245 eun-

81 264 181 331 teudit,
199 267 229 317 et
249 262 421 331 priusquam
437 262 477 316 illi
493 267 542 317 aut
558 264 702 318 convenire
717 268 766 319 aut
784 266 930 334 profugere

82 341 203 410 possent,
215 353 313 405 magno
332 337 438 406 peeoris
457 342 542 408 atque
561 338 702 393 hominum
719 358 832 395 numero
848 346 930 410 capto

82 418 166 483 atque
178 430 210 468 ea
221 411 325 481 praeda
336 413 467 467 militibus
479 427 607 469 concessa
619 415 788 485 vastatisque
804 417 884 485 agris,
900 418 930 471 iu

82 489 249 543 deditionem
269 488 361 542 venue
384 493 468 557 atque
483 490 593 544 obsides
607 491 660 544 sibi
676 491 744 545 dare
757 494 853 560 coegit
889 493 930 546 Eo

81 565 207 620 celeriter
218 566 340 619 coniecto
351 566 461 633 negotio
473 582 568 620 rursus
578 566 607 620 in
621 566 735 621 hiberna
750 568 871 635 legiones
887 585 930 621 re-

82 640 168 694 duxit
204 639 324 694 Concilio
353 640 457 706 Galliae
486 642 575 710 primo
601 658 675 712 vere,
705 648 737 697 ut
765 643 931 711 instituerat,

81 715 184 770 indicto
199 732 284 784 quum
295 715 394 786 reliqui
409 721 519 786 praeter
537 717 665 786 Senones,
683 718 826 787 Carnutes,
839 719 931 773 Trevi-

81 807 182 868 rosque
198 792 350 860 ‘venissent
368 792 475 847 initium
492 791 557 846 belli
578 809 610 847 ac
628 793 789 848 defectionis
801 794 852 849 hoo
869 807 931 849 esse

81 866 238 936 arbitratus,
260 870 293 921 ut
316 868 406 922 omnia
428 871 593 939 postponere
620 869 761 924 videretur
788 870 931 924 concilium

82 942 221 998 Lutetiam
233 943 401 1000 Parisiorum
410 944 554 1001 transfert.
578 945 704 1000 Confines
716 949 795 1001 erant
806 945 835 999 hi
848 946 931 1000 Seno-

80 1017 161 1072 nibus
172 1018 366 1088 civitatemque
377 1025 487 1089 patrum
500 1020 633 1075 memoria
649 1021 860 1090 conjunxerant3
881 1020 931 1075 sed

81 1093 117 1149 ab
137 1094 188 1149 hoe
210 1096 320 1150 consilio
343 1095 461 1150 abfuisse
480 1096 714 1151 existimabantur.
750 1097 812 1150 Hac
831 1113 862 1150 rs
880 1112 930 1166 pro

80 1174 213 1240 suggestu
234 1173 413 1241 pronunciata
437 1172 533 1227 eodem
562 1172 608 1226 die
635 1189 697 1226 cum
724 1172 875 1241 legionibus
902 1172 931 1225 in
977 1205 981 1214 ·

82 1246 202 1301 Senones
213 1249 394 1317 proficiscitur
406 1248 567 1316 magnisque
577 1247 723 1302 itineribus
735 1264 768 1303 eo
779 1248 912 1315 pervenit.

133 1327 157 1376 4.
193 1324 309 1391 Cognito
330 1324 391 1392 ejus
411 1323 532 1378 adventu
555 1324 637 1390 Acco,
659 1323 706 1391 qui
722 1324 850 1393 princeps
871 1324 931 1391 ejus

80 1398 185 1452 consilii
196 1399 294 1467 fuerat,
303 1398 386 1467 jubet
396 1400 424 1453 in
436 1399 538 1468 oppida
553 1398 758 1453 multitudinem
773 1400 931 1464 eonvenirc3

80 1473 241 1527 conantibus
254 1474 330 1542 prius
350 1491 432 1543 quam
445 1474 476 1528 id
490 1474 560 1529 effici
573 1477 667 1542 posset
680 1474 778 1527 adesse
794 1474 932 1527 Romanus

81 1548 240 1614 nunciatum
264 1565 330 1604 nece
391 1549 398 1563 ⁹
442 1550 579 1604 sententia
608 1548 747 1603 desistunt
771 1549 931 1617 legatosque

82 1623 247 1691 deprecandi
270 1641 351 1679 carisa
435 1625 581 1679 Caesarem
603 1625 734 1690 mittunt3
753 1624 856 1679 adeunt
880 1641 932 1693 per

82 1698 196 1753 Aeduos
207 1716 323 1767 quorum
334 1700 486 1769 antiquitus
498 1703 559 1754 erat
570 1701 598 1755 in
609 1701 665 1754 fide
674 1701 776 1754 civitas
800 1700 932 1754 Libenter

83 1775 184 1830 Caesar
194 1774 353 1843 petentibus
367 1774 475 1830 Aeduis
489 1776 538 1831 dat
554 1776 661 1830 veniam
675 1775 932 1843 excusationemque

81 1851 188 1921 accipit,
200 1851 420 1920 quodaestivum
431 1856 540 1921 tempus
549 1852 678 1906 instantis
686 1851 759 1918 belli,
768 1867 822 1905 non
835 1867 932 1919 quaes·

81 1927 163 1997 tionis
187 1943 247 1982 esse
265 1927 458 1983 arbitrabatur.
494 1927 643 1982 Obsidibus
660 1928 932 1995 imperatis-centum,

81 2003 131 2057 hos
164 2003 270 2058 Aeduis
300 2003 491 2058 untediendos
520 2003 614 2057 tradit.
660 2002 764 2056 Eodem
795 2002 931 2057 Carnutes

81 2080 186 2149 legatos
206 2080 371 2149 obsidesque
389 2079 504 2134 mittunt
524 2079 567 2134 usi
586 2077 812 2147 deprecatoribus
835 2077 930 2131 Remis

81 2164 198 2228 quorum
222 2160 301 2211 erant
323 2156 352 2209 in
371 2155 513 2210 clientela:
549 2154 646 2209 eadem
668 2153 761 2207 lerunt
792 2168 930 2221 responsa

83 2233 195 2302 Peragit
227 2231 369 2287 concilium
399 2231 500 2285 Caesar
529 2229 692 2299 equitesque
720 2229 839 2297 imperat
866 2226 931 2282 ciri-

81 2309 193 2365 tatibus.

133 2390 158 2439 5.
190 2384 252 2437 Hac
262 2384 342 2451 parte
354 2380 563 2449 Galliaepacata
573 2382 649 2434 totus
658 2382 687 2433 et
696 2381 788 2434 mente
800 2377 931 2436 stenima

81 2460 110 2515 in
121 2459 224 2515 bellum
236 2458 408 2512 Treviromm
418 2459 447 2511 et
456 2455 624 2523 Ambiorigis
632 2454 742 2508 insistit
767 2454 930 2509 Cavarinum

82 2553 143 2591 cum
158 2535 284 2604 equitatu
301 2533 438 2587 Senonum
456 2547 548 2585 secum
565 2530 698 2600 proficisci
710 2528 800 2598 jubet,
817 2545 852 2585 ue
869 2529 932 2597 quis

81 2615 130 2666 aut
143 2628 178 2665 ex
193 2609 276 2679 huius
295 2608 435 2663 iracundia
451 2610 499 2661 aut
514 2624 549 2661 ex
565 2623 598 2663 eo
616 2604 690 2674 quod
708 2607 847 2659 meruerat
867 2604 933 2658 odio

81 2687 199 2742 civitatis
218 2690 308 2740 motus
328 2684 450 2739 exsistat
495 2682 548 2736 His
567 2682 650 2736 rebus
668 2680 833 2746 constitutis,
857 2679 932 2747 quod

7 2783 8 2830 3
81 2780 131 2834 pro
140 2764 281 2832 explorato
289 2759 409 2815 habebat
421 2759 610 2827 Ambiorigem
622 2757 725 2826 proelio
736 2772 789 2810 non
801 2771 862 2810 esse
870 2770 932 2808 con-

7 2839 9 2842 ’
81 2842 258 2907 certaturum,
273 2837 379 2907 reliqua
394 2836 454 2905 ejus
465 2835 576 2890 consilia
588 2829 930 2901 animocircumspiciebat

7 2905 9 2946 3
83 2916 170 2968 Erant
190 2913 310 2982 Menapii
327 2911 472 2982 propinqui
490 2910 648 2964 Eburonum
665 2906 772 2971 finibus,
789 2903 932 2974 perpetuis

82 2989 227 3058 paludibus
241 2987 371 3055 silvisque
390 2987 495 3054 muniti,
515 2986 562 3054 qui
581 2984 628 3040 uni
647 3000 682 3038 ex
701 2982 789 3036 Gallia
809 2979 845 3033 de
863 2995 932 3047 paee

83 3065 120 3118 ad
132 3065 276 3118 Caesarem
287 3063 393 3129 legatos
404 3078 553 3129 numquam
565 3061 702 3114 miserant
738 3055 858 3111 Cumhis
869 3070 931 3110 esse

8 3145 9 3150 ’
85 3138 234 3204 hospitium
247 3135 400 3203 Ambiorigi
411 3135 530 3190 sciebat:
542 3136 610 3190 item
621 3150 672 3203 per
683 3131 810 3188 Treviros
822 3130 931 3185 venase
