2175 3409
83 95 114 141 ΞΟ
331 92 358 141 G.
377 93 395 141 J
399 92 479 142 ULII
496 93 669 143 CAESARIS

82 187 277 240 saepenumero
290 188 350 226 sese
361 189 422 226 cnm
434 172 477 225 his
489 189 646 242 congressos
658 191 693 230 ne
704 175 809 231 vultum
822 178 933 245 quidem

61 265 67 274 ·
82 251 166 314 atque
178 249 264 301 aciem
276 248 413 302 oculorum
427 248 500 302 ferre
508 249 638 317 potuisse,
647 253 741 305 tantus
750 251 841 306 subite
850 254 934 307 timor

82 337 190 376 omnem
202 324 352 377 exercitum
364 325 507 392 occupavit
519 328 617 378 utnon
628 327 802 381 mediocriter
814 329 934 382 omnium

82 401 189 452 mentes
206 398 363 467 animosque
379 399 564 467 perturbaret.
601 401 656 454 Hic
672 401 790 469 primum
802 407 879 457 ortus
891 407 934 458 est

82 490 100 527 a
116 473 233 527 tribunis
250 474 375 541 militurn,
391 474 537 543 praefectis
555 475 729 545 reliquisque,
748 478 795 545 qui
813 495 847 531 ex
865 479 933 534 urbe

83 549 217 603 amicitiae
240 565 320 603 causa
344 550 487 604 Gaesarem
512 552 599 604 secuti
623 551 762 620 [magnum
785 555 933 623 periculum

82 626 283 679 miserabantur
302 625 387 694 quod]
406 642 459 680 non
478 643 606 695 magnum
625 627 654 680 in
674 645 705 681 re
724 629 835 682 militari
854 646 933 683 usum

83 700 237 755 habebant:
255 717 370 769 quorum
387 701 457 756 alius
471 703 524 756 alia
538 719 619 756 causa
633 704 710 757 illata
726 721 808 772 quarn
826 705 877 758 sibi
897 706 933 759 ad

82 777 306 845 proficiscendum
318 777 495 831 necessariam
508 795 568 832 esse
581 779 686 833 diceret
698 779 811 848 petebat
826 784 858 834 ut
874 780 934 849 ejus

83 852 224 906 voluntate
240 852 382 907 discedere
394 853 506 919 liceret3
524 854 645 907 nonnulli
662 855 767 921 pudore
779 855 892 909 adducti
903 860 934 909 ut

83 927 187 982 timoris
215 928 394 1014 suspiqicuem
419 930 539 983 vitarent
563 930 746 984 remanebant.
783 931 822 984 Hi
845 948 934 1001 neque

83 1004 188 1057 vultum
197 1005 300 1072 fingere
310 1021 398 1074 neque
407 1005 544 1059 interdurn
555 1006 677 1059 lacrimas
687 1012 782 1061 tenere
791 1010 933 1076 poterant:
978 1017 981 1020 '

83 1079 169 1133 abditi
186 1080 215 1132 in
231 1079 415 1133 tabernaculis
433 1085 481 1135 aut
493 1098 571 1134 suum
583 1082 670 1135 fatum
684 1083 875 1149 querebantur,
886 1086 935 1137 aut

83 1172 145 1208 cum
153 1156 333 1210 familiaribus
344 1157 400 1210 suis
409 1173 550 1211 commune
562 1158 713 1225 periculum
726 1158 934 1213 miserabantur.

84 1231 174 1299 Vulgo
190 1232 257 1286 tetis
273 1233 368 1285 castris
385 1235 553 1287 testamenta
572 1232 791 1301 obsignabantur.
827 1235 934 1287 Horum

87 1307 198 1360 vocibus
221 1324 253 1361 ac
272 1308 370 1361 timere
389 1307 520 1376 paulatim
540 1309 624 1381 etiam
644 1310 664 1361 ii
685 1310 732 1378 qui
755 1326 882 1377 magnum
906 1310 934 1363 in

83 1383 180 1436 castris
199 1399 278 1436 usum
297 1382 441 1449 habebant,
463 1384 564 1437 milites
583 1384 814 1454 centurionesque,
834 1386 935 1453 quique

83 1459 216 1527 equitatui
243 1463 396 1527 praeerant,
420 1459 660 1527 perturbabantur.
682 1460 754 1524 -Qui
782 1477 811 1514 se
834 1477 869 1513 ex
892 1460 935 1513 his

83 1534 173 1587 miuus
185 1534 297 1587 timidos
309 1535 458 1589 existimari
471 1535 608 1604 volebant,
619 1553 673 1589 non
686 1552 716 1590 se
727 1536 834 1590 hostem
846 1536 934 1591 vereri

84 1610 134 1663 sed
152 1609 290 1677 angustias
309 1609 415 1663 itineris
434 1614 463 1664 et
481 1611 697 1679 magnitudinem
716 1613 844 1666 silvarum
864 1629 935 1680 quae

82 1686 156 1740 inter
171 1701 217 1738 eos
233 1688 317 1754 atque
334 1685 503 1740 Ariovistum
520 1687 731 1756 intercederent,
745 1692 793 1741 aut
809 1705 866 1742 rem
878 1689 935 1741 fru-

84 1761 245 1832 mentariam
262 1765 295 1814 ut
312 1761 378 1814 satis
395 1763 536 1815 commode
554 1763 710 1831 supportari
728 1767 821 1832 posset
837 1764 934 1818 timere

84 1836 218 1889 dicebant.
254 1836 384 1889 Nonnulli
402 1837 486 1890 etiam
504 1837 615 1891 Caesari
632 1839 832 1906 renuntiabant,
850 1855 933 1906 quum

32 1953 35 1959 ,
84 1914 173 1965 castra
192 1912 295 1965 moveri
313 1928 345 1965 ac
366 1911 442 1980 signa
461 1913 527 1966 feni
546 1912 683 1981 jussisset,
705 1931 758 1967 non
776 1914 835 1967 fore
859 1915 932 1968 dicto

86 1987 231 2043 audientes
242 1988 342 2041 milites
353 1991 442 2055 ncq'ue
455 1991 569 2057 propter
581 1988 707 2042 timorem
720 1990 797 2057 signa
808 1989 917 2043 laturos.

135 2069 177 2117 40.
213 2063 290 2117 Haec
305 2080 388 2133 quum
403 2064 649 2132 animadvertisset,
661 2069 807 2118 convocato
822 2065 933 2119 consilio
962 2087 967 2096 -

84 2138 259 2208 omniumque
276 2139 402 2192 ordinum
426 2139 461 2192 ad
484 2139 514 2193 id
532 2140 673 2194 consilium
692 2140 825 2195 adhibitis
844 2144 933 2194 centu-

84 2215 205 2269 rionibus
224 2215 399 2269 vehementer
417 2231 463 2269 ecs
480 2216 627 2271 incusavit:
646 2216 776 2284 Primum,
794 2216 869 2284 quod
886 2220 934 2270 aut

85 2307 166 2359 quam
178 2291 206 2345 in
218 2295 325 2360 partem
342 2295 390 2345 aut
407 2308 461 2360 quo
477 2292 588 2346 consilio
604 2292 770 2347 ducerentur
785 2292 837 2345 sibi
852 2309 935 2361 quae-

83 2367 199 2420 rendum
212 2371 260 2421 ant
276 2366 449 2435 cogitandum
465 2371 603 2435 putarent.
639 2368 807 2421 Ariovistum
825 2384 855 2422 se
873 2384 935 2422 con-

84 2442 142 2496 sule
158 2442 340 2512 cupidissime
362 2443 454 2512 populi
476 2443 592 2497 Romani
615 2443 762 2497 amicitiam
785 2444 935 2512 appetisse:

84 2534 132 2571 cur
149 2518 221 2572 hunc
238 2521 295 2572 tam
312 2521 417 2572 temere
434 2518 579 2586 quisquam
596 2518 631 2571 ab
649 2519 735 2573 officio
753 2518 935 2573 discessurum

75 2591 236 2660 judicaret?
271 2593 329 2647 Sibi
342 2593 453 2662 quidem
462 2593 621 2661 persuaderi
630 2595 744 2661 cognitis
754 2588 936 2663 suispostula-

84 2668 122 2722 tis
138 2672 223 2737 atque
246 2668 385 2737 aequitate
402 2668 587 2723 conditionum
605 2673 749 2738 perspecta
766 2686 829 2724 eum
846 2687 936 2738 neque

85 2760 162 2797 suam
192 2759 282 2810 neque
309 2743 402 2812 populi
432 2743 548 2797 Romani
576 2745 693 2812 gratiam
718 2745 934 2814 repudiaturum.

10 2861 11 2868 ,
86 2819 166 2884 Quod
177 2819 200 2872 si
212 2818 304 2872 lurore
316 2822 400 2886 atque
411 2819 530 2873 amentia
538 2819 671 2888 impulsus
680 2820 781 2874 bellum
790 2821 935 2889 intulisset,

10 2949 11 2952 ,
85 2894 153 2961 quid
165 2894 276 2947 tandem
288 2896 455 2960 vererentur,
466 2897 572 2947 auteur
581 2895 617 2949 de
626 2911 674 2949 sua
683 2896 786 2950 virtute
795 2900 844 2951 eut
853 2897 936 2966 deip-

10 3035 11 3038 *
86 2969 142 3021 sius
158 2968 299 3034 diligentia
314 2968 508 3036 desperarentl
543 2970 658 3023 Factum
668 2970 727 3039 ejus
736 2971 822 3025 hostis
833 2973 944 3041 pericu-'⁴
999 3007 1002 3018 ι

10 3045 11 3072 ³
85 3044 142 3095 lum
154 3046 263 3108 patrum
275 3047 429 3095 nostrorum
441 3045 579 3111 memoria,
591 3062 675 3114 quum
688 3045 806 3100 Cimbris
822 3052 852 3102 et
868 3048 937 3101 'leu-

88 3117 160 3169 tonis
171 3131 188 3169 a
201 3115 230 3168 Ο.
245 3114 331 3169 Mario
349 3116 435 3185 pulsis
452 3133 507 3171 non
523 3120 653 3174 minorem
668 3121 778 3176 laudern
795 3124 937 3180 vexcercitus
