2175 3409
68 92 116 142 134
322 93 350 140 Ο.
368 89 471 140 JULII
489 90 662 139 CAESARIS

66 180 167 236 seditio
178 180 305 246 oriretur,
317 182 350 233 ut
361 178 456 248 procul
471 178 500 232 in
516 178 561 233 via
580 178 720 248 dispositis
736 179 916 235 familiaribus

67 258 124 312 suis
152 256 375 326 principibusque
404 254 547 310 civitatum
577 254 755 323 disparandos
781 255 917 311 deducen-

67 334 172 403 dosque
191 332 227 386 ad
246 349 309 385 suos
326 334 442 399 curaret,
461 348 532 400 quae
549 332 648 401 cuique
662 331 767 385 civitati
781 348 845 400 pars
858 350 916 387 ees-

57 414 173 465 ·trorum
184 408 220 463 ab
232 407 480 462 initie'obvenerat.

118 491 161 541 29.
197 484 313 539 Postero
334 483 379 538 die
399 483 513 538 coneilio
532 487 679 538 convocato
700 486 854 540 consolatus
872 503 917 541 oo-

66 562 247 629 hortatusque
268 564 311 615 est
329 560 373 613 Ne
392 575 422 613 se
445 559 594 613 admodum
616 560 706 614 animo
728 561 915 630 demitterent,

67 636 159 707 ne[ve]
176 635 388 708 perturbaretur
405 635 588 690 incommodo:
608 652 662 690 non
673 636 775 691 virtute
786 654 876 706 neque
887 639 916 692 in

67 714 125 768 acie
136 715 231 768 vicisse
250 714 395 782 Romanos,
413 713 464 767 sed
481 712 598 766 artificio
616 713 736 781 quedam
756 718 788 769 et
803 715 917 769 scientia

67 790 277 859 oppugnationis
289 788 368 857 eujus
379 789 419 843 rei
432 789 534 843 fuerint
552 789 604 857 ipsi
620 790 755 858 imperiti:
774 806 874 854 errare,
892 791 916 844 si

67 866 114 934 qui
125 865 154 919 in
161 865 233 920 bello
240 882 334 919 omnes
344 865 477 919 secundos
484 880 576 918 rerum
583 868 733 934 proventus
741 870 915 935 exspectent:

68 940 120 994 sibi
138 958 286 1011 numquam
305 940 438 1010 placuisse
463 940 611 994 Avaricum
634 940 752 1007 defendi,
775 943 854 1010 eujus
876 943 916 997 rei

67 1020 154 1070 testes
165 1018 239 1087 ipsos
248 1017 377 1082 haberet;
394 1017 443 1071 sed
452 1017 554 1071 iactum
564 1016 751 1086 imprudentia
760 1018 916 1086 Biturigum

68 1095 97 1147 et
108 1093 192 1147 nimia
206 1094 386 1162 obsequentia
404 1092 572 1161 reliquorum
589 1093 631 1146 uti
648 1093 699 1147 hoc
716 1094 916 1148 incommodum

68 1171 251 1240 acciperetur:
270 1171 301 1223 id
311 1174 403 1226 tamen
416 1186 446 1224 se
460 1169 589 1224 celeriter
601 1169 752 1237 majoribus
767 1171 916 1225 commodis

68 1250 234 1301 sanaturum.
271 1248 297 1301 N
299 1263 343 1301 ain
355 1262 426 1315 quae
438 1246 473 1299 ab
485 1245 599 1313 reliquis
617 1246 703 1300 Gallis
720 1246 846 1301 civitates
863 1247 917 1300 dis-

68 1323 210 1390 sentirent,
228 1323 278 1376 has
296 1338 345 1376 sua
362 1322 504 1390 diligentia
521 1321 715 1390 adjunctarum
733 1326 816 1391 atquo
833 1339 916 1377 unum

68 1398 211 1453 consilium
223 1400 309 1453 totius
321 1398 427 1453 Galliac
440 1398 610 1464 effecturum,
624 1397 703 1466 cujus
721 1399 863 1452 consensui
880 1414 916 1452 ne

68 1475 143 1528 orbis
155 1475 267 1542 quidem
279 1478 415 1530 terrarum
427 1473 515 1543 possit
526 1473 662 1528 obsistere
669 1494 676 1539 ς
690 1473 774 1542 idque
786 1491 816 1527 se
831 1490 917 1543 prope

64 1550 124 1617 jam
137 1551 274 1608 ,effectum
296 1550 405 1604 habere.
442 1549 555 1604 Interea
582 1566 699 1617 aequum
729 1566 790 1604 esse
819 1550 854 1603 ab
882 1550 917 1603 iis

69 1627 217 1680 communis
241 1627 337 1682 salutis
360 1642 442 1680 causa
463 1626 607 1695 impetrari
630 1630 662 1680 ut
691 1628 782 1679 eastra
810 1626 918 1680 munire

68 1702 251 1771 instituerent,
274 1719 327 1772 quo
344 1701 451 1757 facilius
468 1702 628 1771 repentinos
653 1702 774 1756 hostium
797 1701 918 1771 impetus

69 1778 206 1832 sustinere
217 1782 336 1848 possent.

121 1860 162 1910 30.
198 1854 263 1909 Fuit
274 1855 342 1908 haee
352 1853 440 1908 oratio
451 1870 506 1907 nen
517 1854 627 1921 ingrata
644 1852 738 1922 Gallis,
751 1857 781 1909 et
798 1854 918 1909 maxime

70 1931 144 2000 quod
154 1930 214 2000 ipse
225 1930 315 1984 animo
323 1947 377 1984 non
386 1930 610 1984 defecerattanto
618 1933 731 2000 accepto
740 1930 918 2000 incommodo,

70 2023 159 2075 neque
175 2023 205 2061 se
224 2008 252 2061 in
274 2008 409 2061 occultum
429 2006 576 2060 abdiderat
603 2011 633 2060 et
658 2011 832 2076 conspectum
850 2008 920 2061 mul-

69 2084 196 2138 titudinis
207 2084 331 2152 fugerat3
346 2082 464 2152 plusque
476 2082 566 2135 animo
582 2081 727 2151 providere
744 2086 774 2137 et
791 2099 918 2152 praesen-

70 2161 124 2214 tire
145 2160 362 2226 existimabatur,
386 2157 461 2226 quod
484 2174 515 2211 re
539 2158 649 2225 integra
666 2159 754 2228 primo
772 2158 918 2213 incenden-

70 2236 136 2290 dum
157 2237 313 2302 Avaricum,
333 2237 397 2305 post
421 2234 603 2287 deserendum
628 2237 780 2289 censuerat.
817 2234 917 2303 Itaque

69 2316 102 2366 ut
118 2313 286 2382 reliquorum
301 2313 497 2381 imperatorum
514 2319 560 2363 re's
577 2309 709 2364 adversae
726 2311 918 2365 auctoritatem

70 2388 203 2456 minurmt,
225 2389 264 2443 sic
282 2386 364 2455 hujus
387 2403 422 2441 ex
445 2387 583 2440 contrario
606 2386 726 2455 dignitas
748 2386 918 2440 incommodo

69 2468 183 2535 accepto
201 2465 231 2519 in
251 2465 311 2518 dies
331 2462 497 2531 augebatur:
521 2462 601 2516 simul
624 2463 652 2516 in
673 2479 749 2531 spem
773 2461 918 2516 veniebant

70 2540 131 2608 ejus
154 2541 333 2595 affirmatione
356 2539 393 2593 de
416 2538 529 2607 reliquis
553 2538 735 2607 adjungendis
753 2537 919 2604 civitatibus,

70 2617 243 2687 primumque
254 2633 288 2671 eo
300 2619 424 2684 tempore
436 2614 507 2668 Galli
519 2618 609 2668 castra
616 2615 723 2667 munire
732 2614 918 2681 institueumt,

71 2698 101 2747 et
123 2694 161 2748 sic
180 2697 244 2747 sunt
263 2692 352 2745 animo
371 2690 537 2745 consternati
556 2688 679 2744 homines
698 2689 799 2744 maneti
817 2689 920 2743 laboris

71 2773 104 2823 ut
115 2770 205 2822 omnia
217 2784 288 2836 quae
299 2767 499 2835 imperarentur
510 2765 564 2818 sibi
575 2766 707 2833 patienda
718 2769 747 2819 et
756 2764 921 2833 perferenda

72 2844 266 2902 existimarent.

124 2932 165 2980 31.
202 2927 261 2980 Neo
279 2925 369 2978 minus
389 2942 472 2994 quam
492 2929 535 2980 est
555 2924 691 2993 pollicitus
711 2925 921 2995 Vercingetorix

73 3000 161 3052 animo
172 2999 315 3053 laborabat
332 3002 364 3053 ut
378 3001 497 3069 reliquas
512 3002 639 3055 civitates
654 3001 826 3069 adjungeret,
839 3005 921 3069 atquo

73 3089 168 3126 earum
191 3075 327 3143 principes
351 3074 430 3128 donis
457 3077 753 3146 pollicitationibusque
778 3077 921 3132 alliciebat

76 3143 148 3199 Huic
168 3149 209 3199 rei
229 3149 342 3204 idoncos
364 3150 488 3204 homines
505 3152 653 3219 deligebat,
671 3170 786 3223 quornm
805 3154 923 3223 qrrisquo

16 3267 74 3353 λ
