2175 3409
80 112 111 158 10
257 169 264 182 ⁶
334 112 361 155 c.
379 108 482 156 sunu
499 109 672 159 onxsams

133 192 172 241 19.
209 186 313 250 Quibus
325 185 407 239 rebus
419 187 540 254 cognitis,
553 205 637 257 quum
649 189 685 243 ad
700 189 750 242 hos
766 191 932 259 suspiciones

77 262 246 317 certissimae
262 277 307 314 res
324 261 493 330 accederent,
506 264 580 331 quod
596 265 729 333 perfines
746 265 931 334 Sequanorum

78 338 222 393 Helvetios
241 337 449 407 transduxisset,
462 343 537 410 quod
553 340 662 395 obsides
679 342 752 396 inter
768 360 815 397 eos
827 345 931 399 dandos

77 420 207 482 curasset,
216 413 291 483 quod
303 430 335 468 oa
347 417 437 470 omnia
448 433 502 469 non
513 417 594 470 modo
603 418 709 489 injussu
716 411 768 472 sud
774 422 804 472 et
813 421 931 475 civitatis
993 430 1000 445 ·

77 494 127 547 sed
146 494 229 548 etiam
246 492 425 546 inscientibus
440 494 506 562 ipsis
522 494 640 560 fecisset,
652 495 725 563 quod
740 496 932 563 amagistratu

17 571 18 642 J
77 570 238 624 Aeduorum
257 573 439 634 accusaretur,
461 569 527 622 satis
549 586 609 623 esse
629 587 726 624 causae
745 570 931 626 arbitrabatur

17 671 18 674 ¹
77 662 161 714 quare
179 645 208 699 in
230 662 292 700 eum
316 647 366 698 aut
385 645 443 712 ipse
464 644 704 712 animadverteret,
724 650 773 700 aut
791 648 930 702 civitatem

76 721 297 775 animadvertere
311 720 431 789 juberet.
469 721 522 774 His
540 721 666 775 omnibus
684 722 766 775 rebus
784 740 868 776 unum
887 735 931 777 re-

76 797 216 866 pugnabat
236 796 311 865 quod
330 796 456 849 Divitiaoi
476 797 573 850 fratris
594 814 730 851 summum
752 798 781 851 in
800 800 930 867 populum

78 874 230 929 Romanum
242 873 371 941 studium,
380 890 512 926 summam
524 874 553 926 in
565 891 595 927 se
606 873 784 941 voluntatem,
792 876 929 943 egregiam

77 950 168 1019 fidem,
176 952 320 1018 justitiam,
329 950 540 1018 temperantiam
553 954 719 1017 cognoverat
726 972 733 1016 ;
745 967 808 1003 nam
820 968 855 1004 ne
868 951 929 1019 ejus

77 1027 207 1095 supplicio
219 1028 346 1082 Divitiaoi
359 1029 478 1080 animum
486 1025 639 1080 offenderet
649 1026 804 1080 verebatur.
831 1028 929 1095 Itaque

76 1104 152 1169 prius
161 1121 243 1172 quam
253 1104 405 1173 quidquam
414 1108 569 1171 conaretur,
578 1103 742 1157 Divitiacum
754 1102 791 1156 ad
800 1120 830 1157 se
838 1104 929 1157 vocari

74 1178 158 1244 jubet
172 1184 201 1234 et
217 1181 383 1249 quotidianis
398 1181 598 1250 interpretibus
614 1180 726 1233 remotis
740 1195 790 1247 per
808 1180 837 1232 G.
849 1179 929 1233 Vale

76 1254 147 1308 rium
161 1257 316 1348 Proqillum,
323 1258 475 1325 principem
485 1257 590 1310 Galbae
598 1255 760 1325 provinciae,
767 1255 928 1308 familiarem

77 1347 163 1399 suum,
174 1333 218 1385 oui
236 1348 369 1385 summam
385 1334 506 1386 omnium
522 1348 615 1386 rerum
632 1331 716 1385 fidem
727 1319 855 1398 habebat,
866 1348 929 1384 oum
1018 1337 1028 1364 a

77 1421 110 1458 eo
123 1407 300 1475 colloquitur:
319 1407 398 1460 simul
410 1407 618 1461 commonefacit
629 1424 700 1475 quae
712 1408 771 1475 ipso
783 1410 929 1475 praesente

76 1481 105 1532 in
117 1482 228 1535 concilio
239 1483 379 1536 Gallorum
392 1483 427 1536 de
439 1483 609 1551 Dumnorige
618 1484 673 1535 sint
682 1483 799 1547 dictast
807 1481 929 1536 ostendit

77 1573 148 1624 quae
160 1558 314 1625 separatim
330 1558 446 1626 quisquc
463 1559 498 1611 de
516 1575 550 1612 eo
566 1559 640 1626 apud
656 1575 686 1611 se
705 1558 817 1613 dixerit,
853 1557 929 1613 Petit

76 1635 162 1702 atque
179 1633 307 1686 hortatur
320 1637 353 1687 ut
369 1633 428 1686 sine
442 1633 503 1700 ejus
514 1634 661 1687 offensione
673 1633 755 1687 animi
767 1634 811 1687 vel
822 1633 880 1701 ipse
892 1633 929 1687 de

77 1723 111 1760 eo
122 1724 203 1761 causa
215 1709 323 1775 cognita
335 1711 439 1762 statuat
451 1709 493 1762 vel
506 1710 645 1763 civitatem
655 1712 778 1763 statuere
786 1709 893 1776 jubeat.

130 1790 171 1837 20.
207 1784 360 1838 Divitiacus
375 1784 469 1837 multis
487 1801 550 1838 cum
564 1785 684 1839 lacrimis
696 1785 842 1839 Gaesarem
855 1800 927 1838 eom·

76 1859 174 1927 plexus
186 1859 330 1914 obsecrare
341 1861 431 1928 coepit
445 1861 471 1913 N
473 1878 489 1914 e
501 1861 569 1930 quid
580 1862 693 1929 gravius
704 1861 733 1913 in
744 1861 860 1913 fratrem
873 1864 928 1913 sta-

77 1939 184 1990 tueret:
198 1935 268 1990 scire
280 1951 310 1989 se
321 1936 369 1989 illa
380 1952 439 1990 esse
450 1953 522 2005 vera,
534 1954 585 1991 nec
597 1951 763 2006 quemquam
775 1951 810 1989 ox
822 1951 855 1989 eo
866 1936 928 2003 plus

77 2028 160 2079 quam
181 2028 211 2065 se
235 2011 336 2065 doloris
360 2028 465 2081 capere,
484 2016 631 2081 propterea
654 2011 736 2081 quod,
759 2028 850 2084 quum¹
868 2012 928 2079 ipse

75 2088 165 2154 gratia
176 2088 324 2156 plurimum
337 2088 411 2146 domi
422 2091 506 2156 atque
517 2089 547 2140 in
562 2087 669 2157 reliqua
681 2088 777 2154 Gallia,
788 2086 836 2141 ille
850 2087 929 2139 mini·

76 2179 152 2216 mum
171 2167 285 2232 propter
306 2163 517 2217 adolescentiam
538 2167 641 2232 posset,
660 2180 711 2232 per
730 2180 760 2217 se
783 2163 929 2228 crevisset;

77 2239 177 2307 quibus
201 2239 298 2306 opibus
322 2256 353 2293 ac
375 2240 467 2293 nervis
489 2256 543 2293 non
572 2241 660 2293 solum
688 2239 725 2292 ad
753 2238 928 2292 minuendam

75 2316 194 2381 gratiam
213 2315 262 2369 sed
277 2332 365 2385 paene
379 2315 416 2369 ad
433 2315 583 2384 perniciem
597 2332 675 2368 suam
690 2318 826 2369 uteretur.
862 2314 929 2368 Sese

75 2395 169 2446 tamen
191 2394 221 2445 et
241 2408 333 2445 amore
353 2392 475 2445 fraterno
496 2395 526 2445 et
547 2391 750 2445 existimatione
767 2390 842 2458 vulgi
858 2405 930 2444 com·

75 2468 185 2521 moveri.
223 2467 302 2531 Quod
322 2467 345 2521 si
365 2469 432 2535 quid
447 2469 504 2522 eia
520 2468 638 2522 Caesare
655 2467 765 2535 gravius
777 2466 929 2533 accidisset,

76 2559 161 2612 quum
186 2545 246 2612 ipse
269 2561 333 2597 eum
356 2543 445 2597 locuni
468 2545 605 2598 amicitiae
629 2543 703 2612 apud
726 2560 789 2596 eum
813 2545 929 2611 teneret,
973 2583 977 2589 .

76 2619 214 2672 neminem
226 2620 446 2673 existimaturum
458 2636 512 2673 non
524 2636 574 2673 sua
585 2620 725 2673 voluntate
736 2620 838 2672 factum
849 2639 856 2684 ;
873 2634 929 2686 qua

75 2710 111 2748 ex
123 2695 286 2748 relaturum
298 2694 340 2748 uti
353 2696 437 2748 totius
447 2696 552 2750 Galliae
565 2696 648 2749 animi
660 2712 677 2749 a
689 2713 718 2749 se
730 2697 929 2748 averterentur.

77 2770 156 2824 Haec
179 2787 265 2838 quum
288 2770 412 2838 pluribus
433 2771 525 2825 verbis
545 2772 614 2825 flens
634 2789 651 2825 a
672 2772 790 2825 Caesare
811 2772 929 2838 peteret,

78 2846 179 2900 Caesar
198 2844 258 2913 ejus
279 2846 406 2900 dextram
426 2848 537 2914 prendit
547 2867 554 2914 3
572 2847 725 2902 consolatus
745 2850 826 2913 rogat
845 2845 928 2898 finem

77 2923 174 2975 orandi
186 2922 284 2987 faciat;
301 2922 373 2976 tanti
385 2923 446 2990 ejus
459 2923 533 2991 apud
550 2940 580 2976 se
595 2924 712 2990 gratiam
727 2937 787 2975 esse
806 2921 929 2975 ostendit

77 2996 120 3048 uti
145 2999 174 3048 et
197 2997 238 3048 rei
261 2996 387 3063 publicae
410 2998 539 3066 injuriam
564 3002 593 3051 et
617 3015 696 3052 suum
723 2998 844 3052 dolorem
869 2997 929 3066 ejus

78 3070 214 3123 voluntati
237 3087 268 3123 ac
291 3073 418 3139 precibus
441 3073 584 3127 condonet.
620 3074 816 3141 Dumnorigem
840 3073 877 3126 ad
900 3090 931 3128 se

79 3148 167 3211 vocat,
174 3145 289 3198 fratrem
299 3146 427 3213 adhibet;
440 3164 510 3216 quae
519 3149 548 3202 in
560 3166 593 3203 eo
604 3149 790 3217 reprehendat
798 3149 930 3217 ostendit,
