2175 3409
74 134 121 181 62¹
339 129 370 179 0.
386 128 405 178 J
408 127 489 179 ULII
505 128 680 177 CAESARIS

74 209 207 281 petebant
226 208 269 263 uti
287 207 323 263 ad
342 224 390 263 ecs
408 209 514 277 equites
534 210 581 277 qui
600 225 697 276 agmen
717 209 926 265 antecessissent
974 263 976 268 ⁴

73 275 377 357 praemittereteosque
389 301 479 352 pugna
489 284 656 352 prohiberet,
668 284 775 351 sibique
789 289 821 338 ut
835 290 926 354 potes·
963 283 971 318 ⁷⁴
1002 305 1013 314 ·

74 367 161 418 tatem
185 364 287 416 faceret
310 362 338 414 in
362 360 448 415 Ubios
471 361 576 427 legatos
598 361 742 425 mittendi3
764 378 881 429 quorum
901 362 924 416 si

5 487 6 502 ζ
74 439 209 508 principes
227 455 259 492 ac
277 440 388 491 senatus
402 435 453 489 sibi
468 434 749 503 jurejurando-iidem
763 436 880 504 fecisset,
892 454 926 491 ea

73 515 227 569 conditione
245 530 314 582 quae
332 529 349 565 a
367 512 483 566 Caesare
502 512 622 565 serretur
640 530 669 567 se
687 528 782 565 usuros
799 512 925 587 ostende-

73 590 154 646 bant:
172 591 208 644 ad
220 591 268 643 has
280 606 325 643 res
339 587 519 642 conficiendas
534 588 586 641 sibi
603 589 688 643 tridui
705 589 823 658 spatium
838 589 925 644 daret

76 666 152 720 Haec
168 666 258 721 omnia
274 665 375 719 Caesar
394 664 491 718 eodem
500 659 557 738 illo
576 666 715 736 pertinere
733 665 925 733 arbitrabatur,

74 745 107 795 ut
123 742 208 796 tridui
224 758 301 795 mora
315 741 477 809 interposita
494 740 602 809 equites
621 757 714 795 corum
733 743 780 810 qui
798 742 925 796 abessent

75 821 294 872 reverterentur:
313 820 405 870 tamen
417 832 477 871 sese
489 833 544 869 non
556 816 663 884 longius
674 817 784 871 milibus
797 833 925 886 passumn

75 893 264 963 maquationis
271 910 352 947 111111
358 909 548 962 processurum
559 910 591 947 eo
601 891 646 946 die
655 893 739 947 dixit:
753 892 806 946 huc
815 894 925 962 postero

76 968 121 1022 die
137 986 219 1038 quam
233 969 445 1039 frequentissimi
461 969 643 1035 convenirent,
655 974 688 1022 ut
703 969 739 1022 de
755 986 849 1022 eorum
864 985 925 1037 pos-

74 1045 170 1099 tulatis
193 1049 373 1114 cognosceret
411 1044 526 1098 Interim
550 1045 586 1097 ad
609 1046 768 1113 praefectos,
792 1045 840 1114 qui
863 1061 924 1098 cum

76 1121 149 1174 omni
167 1123 291 1190 equitatu
309 1123 518 1187 antecesserant,
536 1122 626 1174 mittit
642 1121 689 1190 qui
707 1121 924 1187 111111111111
952 1137 955 1141 “

75 1195 167 1251 hostes
179 1199 281 1266 proelio
292 1198 464 1264 lacesserent,
478 1199 507 1251 11
522 1196 544 1250 si
562 1197 614 1265 ipsi
630 1197 835 1264 lacesserentur,
847 1197 925 1251 susti-

75 1277 172 1327 nerent
184 1273 275 1342 quoad
286 1274 345 1343 ipse
356 1290 417 1328 eum
430 1274 554 1327 exercitu
565 1274 677 1342 propius
688 1274 851 1327 accessisset.

37 1377 40 1388 «
128 1355 168 1402 12.
205 1351 245 1403 At
256 1349 349 1403 hostes
361 1349 408 1402 ubi
420 1349 539 1418 primum
552 1353 659 1403 nostros
675 1350 782 1417 equites
795 1364 925 1417 conspex-

76 1427 165 1491 erunt,
183 1441 297 1493 quorum
319 1429 379 1479 erat
398 1440 417 1478 v
435 1425 540 1490 milium
561 1441 697 1488 numerus,
716 1433 779 1478 cum
798 1424 850 1492 ipsi
870 1439 924 1477 non

75 1500 192 1568 amplius
210 1500 381 1568 octingentos
400 1501 508 1569 equites
529 1499 669 1568 haberent,
683 1501 759 1568 quod
772 1500 792 1553 ii
808 1500 854 1567 qui
869 1500 925 1552 fru-

75 1575 216 1629 mentandi
228 1580 309 1629 causa
323 1576 412 1632 ierant
427 1581 502 1631 trans
518 1576 624 1629 Mosam
640 1575 760 1628 nonduin
775 1574 923 1642 redierant,

75 1651 142 1704 nihil
156 1651 315 1705 timentibus
328 1652 435 1718 nostris,
448 1651 521 1721 quod
534 1652 619 1719 legati
633 1668 728 1706 eorum
739 1651 819 1720 paulo
830 1654 895 1706 ante
906 1668 924 1705 a

76 1726 191 1780 Caesare
211 1727 392 1782 discesserant
410 1731 493 1797 atque
507 1729 531 1781 is
548 1729 607 1793 dies
622 1728 738 1794 induciis
754 1731 814 1782 erat
830 1723 924 1803 abbis

74 1802 186 1871 petitus,
204 1803 309 1872 impetu
327 1804 399 1858 facto
417 1805 543 1858 celeriter
561 1807 669 1858 nostros
686 1803 923 1872 perturbavenmt

77 1878 181 1932 Rursus
200 1875 399 1954 resistentibus
410 1879 607 1935 consuetudine
627 1896 676 1933 sua
696 1878 732 1932 ad
750 1879 835 1947 pedes
855 1878 925 1932 desi-
980 1913 984 1918 -
1085 1869 1086 1906 l

74 1955 191 2023 luerunt,
206 1954 335 2020 subfossis
350 1956 426 2028 equis
441 1955 680 2025 compluribusque
694 1955 795 2009 nostris
809 1953 924 2022 dejectis
966 1986 974 2001 0
1085 1959 1086 2000 1

75 2032 195 2099 reliquos
206 2031 234 2085 in
245 2031 337 2100 fugam
349 2034 523 2101 conjecerunt
537 2035 622 2100 atque
637 2031 676 2085 ita
688 2031 849 2100 perterritos
862 2047 924 2098 ege-

75 2111 139 2160 11111
150 2110 183 2161 11
196 2124 250 2161 non
263 2109 339 2177 prius
354 2108 419 2176 iuga
433 2109 597 2162 desisterent
614 2123 695 2175 quam
709 2107 924 2175 inconspectum

75 2183 190 2250 agminis
213 2185 300 2237 nostri
323 2186 466 2238 venissent.
503 2183 536 2236 In
557 2200 589 2237 eo
609 2183 711 2251 proelio
731 2193 766 2235 ex
786 2180 924 2248 equitibus

75 2260 176 2313 nostris
197 2261 397 2315 interficiuntur
418 2276 448 2314 1v
470 2264 499 2314 11
518 2276 581 2326 nxx,
593 2260 622 2311 in
640 2253 683 2312 bis
701 2258 743 2311 vir
761 2257 924 2310 fortissimus
976 2323 978 2328 Α
1085 2313 1086 2326 ¹

77 2334 140 2390 Piso
155 2338 315 2404 Aquitania,
330 2336 493 2405 amplissimo
508 2352 609 2403 genere
624 2338 712 2403 natus,
723 2332 802 2401 cujus
815 2348 881 2386 arus
895 2332 924 2384 in

75 2411 186 2465 civitate
198 2429 247 2465 sua
259 2429 372 2480 regnum
384 2411 541 2468 obtinuerat
556 2410 657 2464 amicus
671 2409 707 2463 ab
721 2412 817 2463 senatu
830 2411 924 2461 nostro

75 2486 233 2554 appellatus.
271 2488 325 2541 Hic
336 2504 421 2556 quum
432 2488 511 2542 fratri
522 2486 668 2541 intercluso
680 2485 715 2539 ab
727 2483 850 2538 hostibus
858 2498 924 2536 aux-

75 2561 151 2615 ilium
169 2563 261 2631 ferret,
279 2563 356 2616 illum
375 2580 409 2616 ex
430 2562 551 2632 periculo
571 2562 680 2631 eripuit,
699 2561 759 2632 ipse
778 2574 848 2628 equo
867 2558 928 2611 vul-³

75 2641 170 2692 aerato
189 2638 312 2705 dejectus
332 2638 420 2706 quoad
436 2638 527 2707 potuit
542 2637 690 2691 fortissime
705 2636 822 2690 restitit:
841 2650 925 2704 quum

75 2712 273 2767 circumventus
284 2712 379 2766 multis
390 2713 547 2767 vulneribus
556 2713 674 2781 acceptis
683 2711 833 2776 cecidisset,
841 2713 925 2778 atque

75 2787 106 2839 id
118 2786 205 2842 irater
220 2789 267 2856 qui
281 2789 341 2856 jam
356 2789 459 2856 proelio
475 2793 630 2843 excesserat
646 2788 739 2856 procul
756 2786 925 2840 1111111111-
945 2821 948 2830 .

75 2861 161 2928 tisset,
173 2863 285 2916 incitato
298 2879 368 2932 equo
381 2879 410 2915 se
421 2863 545 2917 hostibus
557 2863 658 2917 obtulit
669 2867 752 2931 atque
763 2860 926 2915 interiectus

77 2938 171 3058 esc⁹13.
209 3005 270 3058 Hoc
281 3006 353 3058 facto
366 3005 468 3072 proelio
481 3005 582 3058 Caesar
593 3021 682 3074 neque
689 3004 749 3073 jam
761 3005 813 3059 sibi
821 3006 927 3073 legatos

76 3077 226 3131 audiendos
236 3095 324 3145 neque
336 3078 503 3133 conditiones
514 3080 684 3148 accipiendas
695 3080 880 3135 arbitrabatur
892 3081 928 3135 ab

76 3154 110 3205 iis
121 3152 168 3222 qui
179 3168 229 3219 per
241 3152 333 3205 dolum
344 3156 427 3206 atoue
439 3153 552 3226 iusidias
563 3155 653 3224 petita
663 3172 731 3225 pace
741 3156 815 3211 ultro
825 3157 927 3212 bellum
