2175 3409
60 107 117 157 114·
315 107 344 157 O.
363 104 466 155 JULII
483 105 657 154 CAESARIS

59 205 143 260 quam
153 189 227 256 fama
239 191 288 244 aut
297 183 414 242 nuncius
430 183 596 255 adferretur,
609 187 648 241 sic
661 203 778 255 magnae
794 187 848 243 init
858 187 915 243 for·

59 270 151 331 tunae,
165 263 238 318 omni
250 263 362 317 militari
371 263 555 317 instrumente
565 263 639 332 quod
647 263 747 317 circum
755 278 784 317 se
793 263 915 319 babebat

58 345 162 411 erepto,
181 339 275 394 rhedis
298 339 431 408 equisque
455 339 669 408 comprehensis,
687 339 778 407 ipsum
795 340 916 408 effingere

59 419 183 470 mortem.
221 414 277 469 Sed
288 414 340 468 boc
352 431 385 468 eo
396 415 500 468 factum
512 418 555 469 est
572 414 646 483 quod
662 414 784 468 aedificio
801 414 915 469 circum·

59 492 126 546 dato
141 491 218 557 silva,
232 493 266 544 ut
282 493 347 545 sunt
363 491 421 545 iere
436 489 575 544 domicilia
591 490 732 544 Gallorum
748 490 795 559 qui
808 489 914 544 vitandi

59 570 153 622 aestus
171 582 253 620 eausa
269 567 433 636 plerumque
451 563 581 619 silvarum
599 580 631 619 ac
651 565 793 619 fluminum
813 569 914 634 petunt

58 643 287 713 propinquitates,
306 643 420 696 comites
437 641 641 710 familiaresque
664 640 726 709 ejus
746 645 862 709 angusto
884 642 913 695 in

59 718 117 772 loco
140 717 289 787 paullisper
313 717 438 786 equitum
462 720 619 771 nostrorum
642 717 697 771 vim
717 717 913 773 sustinuerunt.

61 794 114 848 His
125 792 311 862 pugnantibus
324 792 441 846 illumin
454 808 555 861 equum
567 792 680 860 quidam
691 808 727 847 ex
739 793 796 846 suis
806 792 913 847 intulit:

59 869 211 938 fugientem
229 868 313 923 silvae
329 871 467 923 texerunt.
504 867 550 921 Sic
567 867 645 921 etad
658 867 831 921 subeundum
844 868 915 938 peri·

60 945 151 1000 ardum
163 948 193 999 et
205 944 241 998 ad
253 943 395 998 vitandum
409 944 526 998 multum
539 942 650 997 fortuna
661 943 755 998 veluit

3 1063 8 1067 .
113 1026 154 1076 31.
190 1018 334 1073 Ambiorix
346 1018 438 1087 copias
450 1031 514 1073 suas
524 1017 666 1087 judicioue
677 1035 731 1088 non
743 1018 914 1085 conduxerit,

61 1096 135 1164 quod
150 1094 255 1165 proelio
274 1094 458 1149 dimicandum
475 1107 530 1148 non
548 1091 725 1162 existimarit,'
737 1111 772 1148 an
789 1096 914 1162 tempore

4 1174 6 1177 ‘
60 1170 515 1240 exclusus'etrepentinoequitnm
525 1167 913 1237 adventuprohibitus,quum

60 1246 196 1316 reliquum
209 1247 359 1300 exereitum
373 1245 509 1313 subsequi
515 1244 650 1312 crederet,
661 1244 777 1299 dubium
789 1248 847 1311 est;
863 1245 914 1299 sed

60 1326 137 1377 certe
154 1322 273 1376 dimissis
284 1338 335 1392 per
347 1336 426 1389 agros
438 1320 543 1374 nunciis
561 1319 613 1374 sibi
625 1333 763 1390 quemque
773 1320 914 1375 consulere

56 1397 154 1465 jussit:
173 1413 290 1468 quorum
307 1411 372 1465 pers
383 1396 411 1449 in
424 1396 603 1449 Arduennam
616 1396 718 1462 silvam,
736 1412 800 1465 pars
811 1397 841 1449 in
851 1411 914 1450 eon-

35 1531 40 1540 !
60 1473 179 1526 tinentes
196 1471 311 1540 paludes
324 1470 447 1540 profugit
455 1491 463 1536 ;
481 1470 528 1539 qui
544 1471 662 1540 proximi
674 1470 784 1525 Ooeano
795 1470 914 1541 fuerunt,

60 1547 89 1601 hi
100 1547 195 1600 insulis
207 1561 268 1600 sese
281 1546 487 1600 occultaverunt
500 1562 569 1614 quas
580 1543 674 1601 aestus
684 1547 794 1601 efficere
802 1563 914 1601 censue·

60 1625 140 1676 nunt:
156 1621 235 1675 multi
247 1637 282 1674 ex
295 1621 352 1674 suis
363 1620 462 1675 finibus
474 1621 579 1689 egressi
591 1637 621 1675 se
633 1638 738 1691 suaque
749 1621 840 1675 omnia
850 1622 915 1676 alie·

61 1695 179 1750 nissimis
196 1694 381 1750 crediderunt
418 1695 581 1765 Oetivolcus,
601 1713 649 1751 rex
671 1696 803 1751 dimidiae
826 1697 914 1767 partis

61 1772 227 1839 Eburonum,
246 1770 293 1838 qui
310 1785 365 1824 una
382 1787 444 1825 cum
468 1771 629 1840 Ambiorige
647 1773 789 1827 consilium
805 1773 913 1837 inierat,

61 1850 153 1902 aetate
160 1846 220 1915 jam
232 1846 378 1907 confectus.
387 1863 473 1915 quum
484 1846 608 1901 laborem
618 1846 690 1917 [aut]
701 1848 766 1901 belli
776 1852 824 1902 aut
832 1848 915 1916 fugae

60 1923 134 1978 ferro
151 1938 206 1975 non
223 1923 324 1990 posset.
341 1922 466 1975 omnibus
482 1923 612 1992 precibus
630 1924 787 1978 detestatus
802 1922 915 1977 Ambio-

61 1999 148 2067 rigem
160 1997 208 2067 qui
221 1996 282 2065 ejus
293 1997 399 2051 consilii
410 2002 506 2051 auctor
520 1997 626 2066 luisset,
639 1997 712 2066 taxo‚'
724 1998 802 2066 cujus
815 2014 915 2066 magna
961 2031 967 2044 ι

26 2105 29 2112 ⁴
61 2074 90 2128 in
103 2074 193 2129 Gellia
205 2072 406 2141 Germaniaque
417 2072 495 2142 eopia
507 2075 557 2140 est,
567 2089 597 2127 se
608 2073 780 2127 exanimavit

114 2155 156 2204 32.
191 2148 275 2216 Segni
288 2147 480 2217 Condrusique
492 2164 528 2202 ex
539 2151 623 2217 gente
635 2153 664 2203 et
675 2164 789 2202 numero
802 2148 904 2203 Gema

62 2242 168 2291 norum,
181 2225 228 2292 qui
240 2226 307 2277 suut
315 2221 389 2279 iuter
404 2224 546 2280 Eburones
559 2223 748 2293 Trevirosque,
761 2224 866 2291 legatos
877 2222 915 2277 ad

63 2302 208 2356 Gaesarem
226 2299 361 2353 miserrmt
384 2301 491 2354 oratum
509 2299 536 2352 N
537 2316 554 2353 e
571 2315 601 2353 se
618 2300 647 2353 in
664 2299 784 2353 hostium
800 2313 916 2352 numero

63 2377 184 2445 duceret,
206 2390 276 2429 neve
297 2375 417 2429 omnium
442 2375 640 2430 Germanorum
659 2374 706 2444 qui
730 2378 823 2429 essent
846 2374 916 2428 citra

65 2452 191 2506 Rhenum
202 2461 355 2505 mamerco
371 2467 480 2506 caumm
492 2447 650 2519 judiearet3
666 2450 734 2505 nihil
750 2466 780 2505 se
794 2449 916 2505 debello

62 2528 206 2596 cogitasse,
214 2526 289 2580 milla
297 2527 452 2594 Ambiorigi
460 2526 682 2582 auxiliamisisse.
718 2525 917 2594 Gaesarexplo-

63 2606 169 2658 natare
184 2601 342 2671 quaestione
360 2599 537 2672 captivorum,
555 2603 579 2657 si
595 2602 642 2671 qui
657 2602 694 2657 ad
710 2618 757 2657 eos
770 2602 917 2656 'Eburones

63 2696 98 2734 ex
113 2679 178 2747 iuge
196 2678 386 2733 convenissent
401 2678 437 2733 ad
452 2695 482 2733 se
494 2682 528 2733 ut
543 2678 740 2733 reducerentur
755 2677 917 2747 imperavit;

63 2755 87 2807 si
99 2755 140 2808 ita
150 2752 286 2821 iecissent,
296 2753 364 2808 fines
377 2767 471 2809 eorum
482 2771 513 2809 se
524 2755 689 2809 violaturum
700 2754 818 2823 negarit.
847 2753 917 2807 'lum

63 2829 148 2896 'copiis
164 2829 192 2881 in
210 2830 268 2881 tres
290 2831 385 2898 partes
402 2829 560 2885 distributis
577 2830 775 2898 impedimenta
797 2829 917 2883 omnium

64 2902 202 2969 legionum
220 2902 395 2957 Aduatucam
412 2904 536 2959 eontulit.
573 2904 609 2958 Id
626 2904 732 2958 castelli
749 2920 848 2959 nomen
866 2907 917 2958 est

66 2976 128 3028 Hoc
145 2975 202 3028 fere
218 2978 303 3030 estin
317 2979 418 3035 mediis
434 2979 592 3033 Eburonum
608 2977 781 3047 finibus'ubi
797 2978 919 3033 'literius

3 3071 4 3140 p
66 3052 150 3132 atque
162 3050 361 3137 Aurunculeius
372 3053 511 3108 hiemandi
521 3072 605 3109 eausa
616 3052 804 3109 consederant.
836 3055 919 3110 Hune
1017 3075 1023 3080 ·

3 3145 5 3202 ι
67 3137 150 3187 quum
162 3123 274 3190 reliquis
285 3123 368 3179 rebus
379 3127 467 3186 locum
479 3131 616 3198 probarat,
622 3136 682 3186 tum
689 3130 764 3199 quod
772 3130 920 3199 superioris

2 3281 74 3359 ι’
