2175 3409
71 138 101 190 76
147 193 155 206 „
330 129 666 179 namucensium

73 216 126 268 His
143 210 278 278 adductis,
297 210 325 264 in
348 210 381 264 iis
400 210 455 263 filio
473 210 687 280 propinquisque
707 209 767 277 ejus
790 211 921 277 omnibus,

71 307 140 360 quos
159 287 319 343 nominatim
330 295 332 300 ’
343 290 509 352 evocaverat,
530 286 682 340 consolatus
703 287 925 345 Indnciomarum

71 366 250 434 hortatusque
267 366 309 416 est
324 362 366 415 uti
380 361 410 414 in
424 362 510 415 officio
526 365 712 430 ,remaneretz
730 362 814 414 nihilo
831 367 922 419 tamen

72 442 159 496 secius
171 437 337 509 principibus
349 437 521 491 Trevirorum
537 438 573 490 ad
588 455 617 490 sc
633 438 792 506 convocatis,
804 439 854 493 hos
869 441 922 496 sim

71 516 185 584 gillatlm
198 512 365 581 Cingetorigi
379 512 547 568 conciliavit:
568 516 641 582 quod
653 531 737 583 quum
748 516 847 570 merito
863 517 923 585 ejus

71 592 106 645 ab
118 608 148 645 se
160 590 219 644 fieri
231 588 410 657 intelligebat,
423 592 481 642 tum
494 590 586 658 magni
594 590 728 645 interesse
737 591 924 647 arbitrabatur

72 667 132 735 ojus
155 665 344 720 auctoritatem
369 664 441 718 inter
468 681 530 718 suos
557 667 806 736 quamplurimum
824 668 922 737 valere,

71 742 148 810 cujus
163 744 220 795 tam
235 741 371 808 ogregiam
387 740 413 793 in
430 757 459 795 se
476 741 644 797 voluntatem
658 744 851 812 perspexisset.
886 745 923 798 Id

72 819 172 872 lactum
184 816 305 885 graviter
317 816 381 869 tulit
398 816 604 871 Induciomarus
623 835 699 871 suam
716 820 833 886 gratiam
850 820 923 874 inter

72 910 134 947 suos
147 893 231 946 minui
240 913 250 960 ;¹
258 896 287 946 et
300 892 347 961 qui
354 891 415 962 jam
427 896 491 946 ante
503 893 611 947 inimico
622 894 650 948 in
661 911 711 947 nos
720 894 809 947 animo
816 895 921 962 fuisset,

72 969 157 1022 multo
169 968 278 1037 gravius
289 967 340 1021 hoc
353 968 446 1022 dolore
455 968 566 1022 exarsit.

124 1050 148 1098 5.
184 1044 236 1102 His
253 1043 336 1096 rebus
354 1044 509 1098 constitutis
528 1044 627 1098 Caesar
644 1045 680 1097 ad
703 1049 812 1112 portum
837 1046 922 1100 Itium

72 1135 134 1173 cum
147 1118 298 1186 legionibus
317 1120 448 1187 pervenit.
485 1119 529 1173 Ibi
546 1121 685 1187 cognoscit
701 1135 737 1173 nx
753 1137 836 1175 naves
852 1138 923 1190 quae

72 1195 100 1248 in
109 1195 209 1248 Meldis
216 1195 304 1249 iactae
312 1197 390 1248 erant
400 1198 566 1264 tempestate
578 1194 695 1262 rejectas
707 1213 815 1249 cursum
827 1201 922 1267 tenere

72 1287 124 1324 non
139 1271 259 1341 potuisse
274 1274 357 1339 atque
374 1271 470 1324 eodem
486 1270 560 1325 unde
578 1276 658 1325 erant
674 1273 813 1340 profectae
831 1290 920 1327 rever-

72 1347 151 1400 tisse:
174 1346 293 1413 reliquas
314 1350 423 1414 paratas
442 1347 477 1400 ad
497 1347 679 1415 navigandum
697 1351 781 1416 atque
797 1348 922 1403 omnibus

71 1421 155 1475 rebus
170 1422 316 1474 instructas
332 1422 441 1476 invenit.
480 1422 584 1475 Eodem
602 1423 740 1491 equitatus
757 1424 842 1478 totius
860 1424 922 1478 Gal-

72 1497 124 1550 liae
141 1496 266 1550 convenit
283 1512 395 1550 numero
411 1498 515 1551 milium
531 1513 561 1551 1v
584 1499 770 1567 principesque
787 1516 821 1553 ex
839 1500 923 1553 omni-

68 1571 124 1625 'bus
135 1571 301 1625 civitatibus:
314 1588 348 1625 ex
360 1573 459 1640 quibus
471 1589 627 1641 perpaucos,
641 1591 755 1642 quorum
763 1575 792 1628 in
801 1591 831 1628 se
839 1575 923 1629 fidem

72 1650 258 1717 perspexerat,
270 1647 424 1716 relinquere
435 1649 463 1701 in
480 1648 575 1714 Gallia,
588 1649 706 1717 reliquos
722 1650 848 1704 obsidum
864 1651 922 1705 loco

72 1740 163 1778 secum
189 1723 289 1777 ducere
314 1723 480 1790 decreverat,
509 1723 591 1793 quod,
616 1741 700 1792 quum
723 1725 782 1794 ipse
805 1726 922 1794 abesset,

72 1803 177 1853 motum
190 1798 293 1866 Galliae
305 1797 460 1853 verebatur.

122 1881 147 1931 6.
184 1875 388 1952 Erat‘tnacum
399 1876 498 1929 ceteris
509 1874 661 1927 Dumnorix
676 1875 799 1942 Aeduus,
817 1877 922 1945 dequo
955 1943 957 1947 Ι

70 1956 135 2005 ante
155 1949 288 2005 abenobis
303 1950 407 2004 dictum
420 1953 470 2004 est.
506 1949 587 2004 Hunc
604 1966 695 2003 secum
709 1950 812 2005 habere
828 1952 856 2003 in
870 1952 922 2020 pri-

70 2027 121 2081 mis
142 2026 329 2093 constituerat,
349 2025 424 2093 quod
442 2041 505 2079 eum
523 2025 652 2094 cupidum
673 2037 765 2079 rerum
784 2043 922 2094 novarum,

70 2102 199 2172 cupidum
224 2102 338 2170 imperii,
363 2101 454 2169 magni
477 2100 567 2168 animi,
592 2117 706 2168 magnae
729 2102 801 2155 inter
830 2100 921 2155 Gallos

71 2178 242 2233 auctoritatis
264 2181 433 2246 cognoverat.
472 2175 631 2230 Accedebat
652 2176 712 2243 huc,
728 2175 802 2244 quod
814 2176 842 2228 in
860 2193 922 2229 con-

70 2254 130 2309 eilio
159 2253 320 2307 Aeduorum
352 2251 503 2305 Dumnorix
534 2251 642 2305 dixerat
673 2251 723 2304 sibi
756 2268 774 2304 a
806 2251 922 2306 Caesam

60 2347 184 2398 regnum
208 2329 325 2382 civitatis
343 2327 457 2392 deferii;
475 2326 549 2394 quod
569 2326 673 2379 dictum
695 2326 785 2396 Aedui
804 2326 922 2395 graviter

69 2406 203 2472 ferebant,
215 2419 305 2472 neque
316 2402 458 2457 recusandi
471 2406 519 2455 aut
537 2402 700 2470 deprecandi
721 2419 802 2456 causa
818 2403 922 2471 legatos

71 2482 106 2534 ad
120 2483 265 2535 Gaesarem
276 2480 387 2533 mittere
400 2477 546 2532 audebant.
585 2477 620 2530 ld
631 2477 733 2530 factum
746 2495 780 2531 ex
793 2479 849 2532 suis
864 2479 923 2532 hos

71 2556 172 2625 pitibus
197 2556 297 2610 Caesar
316 2557 485 2624 cognoverat
499 2532 576 2616 [1110
592 2553 717 2606 omnibus
732 2555 820 2622 primo
838 2554 923 2622 preci-

70 2632 121 2686 bus
133 2636 230 2702 petere
252 2631 391 2685 contendit
406 2633 438 2684 ut
453 2630 481 2683 in
497 2628 585 2683 Gallia
600 2629 807 2698 relinqueretur,
823 2629 923 2697 partim
964 2681 966 2685 Α

70 2709 144 2775 quod
157 2708 279 2762 insuetus
290 2707 434 2775 navigandi
447 2722 523 2761 mare
534 2706 653 2773 timeret,
662 2705 763 2773 partim
775 2705 849 2773 quod
861 2705 923 2758 reli-

70 2784 192 2849 gionibus
204 2784 331 2853 impediri
339 2800 398 2837 sese
410 2785 521 2838 diceret.
558 2783 741 2849 Posteaquam
749 2780 777 2833 id
787 2780 923 2834 obstinate

70 2857 122 2910 sibi
129 2859 223 2925 negari
237 2860 312 2926 vidit,
317 2841 393 2930 &nri
405 2878 453 2930 spe
465 2858 630 2929 impetrandi
642 2858 779 2927 adempta,
788 2855 924 2926 principes

71 2931 175 2986 Galliae
199 2934 349 3000 sollicitare,
369 2951 495 2989 sevocare
514 2936 634 3003 singulos
656 2934 815 3002 hortarique
835 2931 925 2998 coepit

70 3006 111 3058 uti
129 3007 158 3059 in
177 3009 326 3062 continenti
343 3015 530 3069 remanerent:
551 3015 628 3065 metu
647 3010 783 3074 territare,
794 3023 848 3061 non
866 3006 924 3060 sine

71 3095 153 3132 causa
166 3082 224 3133 lieri
236 3086 268 3135 ut
280 3084 368 3137 Galba
379 3086 451 3138 omni
463 3085 605 3139 nobilitate
623 3088 800 3155 spoliaretur:
818 3084 848 3136 id
864 3099 924 3137 esse

71 3153 213 3206 consilium
231 3155 362 3221 Caesaris
373 3162 405 3212 ut
423 3176 491 3228 quos
506 3160 534 3212 in
553 3166 698 3230 conspectu
719 3161 823 3216 Galliae
840 3159 924 3214 inter·
