2175 3409
94 96 126 143 aa
349 92 380 160 1.,
395 90 497 140 sunu
513 92 685 141 onnsnnrs

94 172 238 241 Menapios
249 186 292 226 vn
303 165 385 240 milia,
398 172 506 226 Caletos
518 187 536 224 x
549 172 632 239 milia,
645 171 805 227 Vcloeasses
817 176 846 227 et
858 173 945 228 Vero

93 249 226 302 manduos
249 247 374 314 totidem,
400 247 561 301 Aduatucos
584 264 634 301 xlx
657 248 746 314 milia3
780 250 943 316 Condrusos,

94 324 243 390 Eburones,
262 323 417 389 (laeroesos,
436 324 593 392 Paemanos,
613 325 659 393 qui
677 342 731 378 uno
749 325 858 380 nomine
876 326 943 380 Ger-

91 415 166 452 mam
158 399 357 466 appellantur,
370 399 429 453 arbi
431 393 499 452 11111
511 401 548 453 ad
560 415 596 452 xn
608 400 689 453 milia

145 475 307 528 11011111
320 474 421 528 Remos
434 476 591 528 cohortatus
603 475 821 565 liberaliterque
822 475 943 532 oratione

92 543 257 621 prosecuturi
263 551 371 604 om'nern
383 553 508 604 senatum
523 551 559 603 ad
576 568 605 605 11
621 552 763 606 convenire
779 552 943 641 principum·
986 581 999 598 v

93 645 146 695 que
158 627 258 681 liberos
270 626 379 679 obsides
392 627 427 680 ad
440 644 470 681 11
482 627 581 680 adduci
592 626 683 698 jussit.
720 629 795 693 Quae
808 629 897 681 omnia
908 627 943 681 ab

92 702 134 756 his
157 702 304 770 diligenter
328 702 365 755 ad
388 702 461 756 diem
484 704 558 757 facta
582 706 652 757 sunt.
669 756 672 762 ,
689 703 754 773 Ipse
778 704 942 758 Divitiacum

93 779 222 832 Aeduum
241 795 339 846 magno
358 794 440 847 opere
461 780 618 833 cohortatus
640 779 720 833 docet
740 782 842 848 quanto
860 796 942 848 opere

91 855 132 908 rei
152 853 277 923 publicae
297 855 502 923 communisque
523 855 618 909 salutis
637 854 746 909 intersit
766 871 862 908 manus
882 855 942 909 hos

91 930 162 984 tium
179 930 312 997 distineri,
328 946 363 984 ne
380 947 441 984 cum
457 933 536 984 tanta
553 931 730 985 multitudine
748 947 801 984 uno
819 934 942 999 tempore

92 1007 291 1075 confligendum
309 1006 353 1060 sit
390 1005 426 1059 Id
443 1006 503 1060 fieri
519 1023 600 1076 posse
618 1007 641 1059 si
659 1023 721 1060 1111
739 1006 829 1075 copias
851 1007 942 1060 Aedui

91 1083 120 1136 in
143 1083 211 1138 fines
236 1083 451 1146 Bellovacorum¹
464 1082 669 1136 introduxerint
692 1086 721 1136 11
745 1099 839 1136 eorum
862 1098 942 1150 agros

90 1159 215 1228 populari
232 1158 381 1227 coeperint.
417 1158 470 1211 His
487 1158 624 1212 mandatis
642 1175 704 1212 eum
721 1158 756 1211 ab
771 1176 801 1211 11
819 1158 942 1211 dimittit.

92 1234 241 1304 Postquam
267 1251 360 1288 omnes
389 1233 536 1301 Belgarum
565 1234 656 1302 copias
685 1235 714 1287 11
741 1250 824 1287 unum
853 1234 941 1287 locum

91 1315 198 1365 coactas
214 1310 250 1364 ad
267 1326 297 1363 se
314 1309 407 1364 venire
421 1309 497 1375 vidit,
514 1325 605 1377 neque
619 1310 679 1377 jam
695 1309 775 1376 longe
793 1309 889 1362 abesse
907 1309 941 1361 ab

90 1386 124 1439 iis
142 1403 210 1455 quos
228 1385 341 1439 miserat
358 1385 577 1453 exploratoribus
598 1388 627 1438 11
645 1385 680 1438 ab
698 1384 791 1437 Remis
808 1385 940 1451 cognovit,

91 1460 192 1515 1111111
205 1462 338 1526 Axonam,
351 1462 425 1528 quod
437 1461 519 1515 estin
532 1461 663 1514 extremis
674 1460 821 1513 Remorum
835 1458 940 1526 finibus,

91 1537 242 1591 exercitum
278 1537 456 1591 transducere
486 1536 635 1589 1111111111
665 1538 749 1604 atquc
782 1535 821 1589 ibi
852 1538 942 1588 castra

90 1613 189 1683 posuit.
203 1618 206 1625 '
228 1613 303 1677 Quae
312 1628 356 1665 res
369 1614 398 1665 ct
409 1612 482 1665 latus
494 1629 578 1664 uuum
590 1615 741 1665 castrorum
750 1611 816 1679 ripis
824 1611 941 1664 fluminis

90 1688 231 1743 muniebat
253 1691 282 1741 et
304 1691 367 1756 post
391 1704 454 1741 eum
477 1705 548 1757 quae
569 1690 661 1741 esseut
683 1690 744 1741 tuta
764 1687 799 1741 ab
819 1686 942 1740 hostibus

90 1765 234 1832 reddebat,
256 1766 285 1818 et
306 1766 474 1818 commeatus
494 1763 529 1817 ab
550 1764 644 1817 Remis
662 1763 829 1832 reliquisque
850 1763 942 1816 civita-

90 1842 165 1896 tibus
176 1844 209 1895 ut
221 1840 279 1894 sine
288 1840 409 1909 periculo
421 1840 457 1893 ad
467 1856 530 1893 eum
539 1839 645 1908 portari
654 1838 790 1908 posse[n]t
800 1839 941 1893 efficiebat

91 1918 125 1972 In
144 1935 177 1972 eo
196 1917 307 1970 flumine
325 1933 393 1984 pons
412 1919 479 1970 erat.
516 1916 561 1970 Ibi
581 1916 747 1984 praesidium
768 1917 846 1985 ponit
866 1916 921 1969 et'
912 1932 942 1968 m
963 1907 969 1918 ’

89 1995 177 2048 altera
188 1996 267 2063 parte
279 1991 396 2045 fluminis
410 1991 440 2055 Q.
453 1992 589 2045 Titurium
602 1991 731 2045 Sabinum
747 1991 868 2058 legatum
881 2008 941 2045 cum

90 2086 138 2123 sex
150 2067 307 2122 cohortibus
320 2067 457 2135 relinquit.
494 2066 611 2121 Castra
603 2084 632 2119 11
649 2067 698 2120 alti
700 2066 823 2120 tudinem
840 2057 1012 2136 11111111

89 2145 214 2199 x11vallo
226 2145 352 2213 fossaque
364 2143 555 2211 duodeviginti
567 2143 670 2211 pedum
682 2142 787 2195 munire
795 2141 885 2210 jubet.

142 2219 407 2277 66111111111111111
420 2220 551 2289 oppidum
564 2218 713 2281 Remorum
722 2219 830 2272 nomine
839 2218 942 2272 Bibrax

89 2297 186 2351 aberat
197 2296 271 2350 milia
282 2314 411 2366 passuum
423 2312 484 2350 vm.
522 2295 558 2350 Id
570 2312 604 2349 ex
615 2295 714 2349 itinere
725 2311 824 2363 magno
838 2295 944 2364 impetu

90 2373 194 2441 Belgae
203 2382 360 2441 oppugnare
371 2374 527 2441 ccepenmt.
554 2375 648 2439 Aegre
657 2387 689 2425 eo
702 2371 747 2425 die
759 2373 942 2425 sustentatum

89 2453 139 2504 est.
177 2449 316 2503 Gallomm
336 2449 432 2502 eadem
451 2451 534 2516 atque
555 2447 703 2514 Belgarum
719 2446 884 2515 oppugnatio
900 2449 943 2500 est

89 2523 163 2580 haec.
200 2524 255 2580 Ubi
267 2523 442 2592 circumjecta
453 2522 630 2577 multitudine
641 2522 780 2575 hominum
793 2522 859 2575 totis
871 2538 944 2575 moe-

89 2601 168 2655 nibus
180 2599 301 2668 undique
312 2600 340 2653 in
353 2615 461 2652 murum
473 2598 579 2667 lapides
585 2597 642 2666 jaci
654 2598 743 2667 coepti
757 2601 827 2665 sunt,
840 2613 944 2651 murus

90 2692 144 2745 que
155 2675 344 2729 defensoribus
355 2674 476 2728 nudatus
488 2678 537 2740 111,
547 2674 688 2728 testudine
699 2675 773 2729 faeta
784 2678 877 2742 portas
887 2690 945 2726 suc-

89 2753 192 2807 cedunt
209 2767 372 2819 murumque
391 2749 532 2804 subruunt.
570 2749 651 2814 Quod
672 2753 731 2804 tum
753 2750 831 2803 facile
851 2749 942 2803 fiebat.

90 2828 117 2881 N
118 2845 162 2881 am
177 2842 261 2895 quum
276 2829 355 2880 tanta
370 2826 518 2879 multitudo
532 2825 638 2894 lapides
653 2842 685 2879 ac
698 2825 755 2879 tela
768 2825 944 2893 conjicerent,

89 2903 118 2955 11
137 2919 215 2956 muro
234 2900 400 2956 consistendi
420 2904 544 2970 potestas
564 2903 624 2955 erat
642 2901 716 2955 nulli
753 2901 842 2966 Quum
861 2901 945 2956 finem

90 2977 264 3045 oppugnandi
275 2993 329 3030 nox
340 2977 457 3044 fecisset,
467 2975 556 3030 Iccius
566 2977 677 3044 Remus,
687 2993 792 3030 summa
800 2976 945 3030 nobilitate

89 3054 119 3126 11
130 3051 220 3119 gratia
231 3051 304 3104 inter
316 3067 385 3118 suos,
398 3052 517 3120 quitum
532 3051 632 3121 oppido
648 3052 811 3121 praefuerat,
823 3068 893 3105 unus
909 3069 946 3106 ex

89 3119 124 3178 111
136 3135 183 3193 qm
175 3125 275 3191 'tlega
268 3142 278 3176 1
256 3124 325 3179 tde
335 3141 403 3193 pace
414 3126 451 3178 ad
464 3126 610 3179 Caesarem
621 3129 761 3193 venerant,
770 3127 896 3182 nuntium
908 3128 946 3232 ad
