2175 3409
64 120 118 165 ¹40,
340 120 368 164 Ο.
387 115 490 165 JULII
507 116 680 163 CAESARIS

62 198 162 266 quibus
184 214 260 252 more
283 198 423 251 Gallorum
447 198 522 251 nefas
550 201 593 252 est
621 198 704 251 etiam
721 200 759 252 -in
787 204 919 269 extrcma,

63 278 173 329 t'ortuna
184 275 311 329 deserere
323 278 461 343 patronos,
475 275 638 342 (tergeriam
650 275 780 344 profugit.

116 358 157 404 41.
192 352 293 406 Caesar
309 350 413 404 nunciis
429 350 464 404 ad
484 351 624 406 civitatem
642 352 803 405 Aeduorum
820 353 919 420 missis,

63 429 111 497 qui
130 445 179 481 suo
197 426 330 481 beneficio
348 429 522 481 conservatos
539 427 672 482 docerent
690 444 758 495 quos
770 427 836 495 jure
853 430 919 483 belli

62 504 217 558 interficere
228 505 373 571 potuisset,
386 503 530 573 tribusque
541 504 617 558 horis
629 505 717 558 noctis
732 506 866 559 exercitui
882 507 920 560 ad

64 582 184 649 quietem
197 581 270 640 datis
283 583 374 634 castra
386 580 422 634 ad
440 577 604 647 Gergoiiam
622 581 713 634 morit.
750 581 844 634 Medio
861 582 922 637 fere‘

63 657 161 711 itinere
178 657 286 726 equites
304 657 339 709 ab
359 655 446 710 Fabio
463 656 539 710 missi
558 659 660 724 quanto
678 673 723 710 res
746 658 774 710 in
797 659 921 727 periculo

63 734 147 787 fuerit
170 736 324 802 exponunt:
350 733 463 786 summis
487 733 572 801 copiis
589 736 680 786 castra
697 738 854 802 oppugnata
871 735 919 789 de-

64 813 228 874 monstrant,
252 825 336 878 quum
363 809 460 862 crebro
481 809 583 877 integri
605 808 720 863 defessis
738 811 921 866 succederent

64 890 226 955 nostrosque
246 884 355 939 assiduo
370 884 466 940 labore
483 885 677 953 defatigarent,
689 887 788 955 quibus
805 892 920 956 propter

38 989 41 998 v
64 962 281 1031 magnitudinem
294 965 446 1015 castrorum
458 965 593 1031 perpetuo
605 966 679 1016 esset
692 963 797 1016 eisdem
808 964 835 1017 in
847 964 918 1017 vallo

63 1038 293 1109 permanendum
323 1037 500 1091 multitudine
535 1038 697 1106 sagittarum
728 1043 812 1108 atque
844 1040 917 1093 omni

63 1115 165 1184 genere
177 1116 295 1170 telorum
308 1113 410 1168 multos
426 1114 597 1168 vulneratos:
618 1114 653 1167 ad
672 1115 740 1169 haec
759 1116 918 1170 sustinenda
994 1151 1006 1167 s

64 1209 164 1261 magno
181 1192 242 1246 usui
260 1192 344 1247 fuisse
366 1192 518 1245 tormenta:
540 1189 657 1244 Fabium
681 1190 804 1246 discessu
824 1209 918 1245 eorum

65 1269 171 1323 duabus
182 1268 284 1322 relictis
296 1266 383 1335 portis
394 1266 538 1321 obstruere
551 1270 663 1334 ceteras,
676 1267 840 1336 pluteosque
849 1268 918 1322 vallo

65 1345 168 1399 addere
177 1349 206 1399 et
215 1361 244 1397 se
256 1344 284 1396 in
295 1346 436 1413 posterum
448 1342 522 1396 diem
536 1341 651 1396 similem
663 1342 699 1396 ad
711 1360 804 1397 casum
812 1360 916 1412 parare.

67 1421 119 1474 His
140 1422 222 1476 rebus
237 1420 351 1488 cognitis
368 1418 469 1473 Caesar
484 1434 590 1472 summo
606 1417 698 1472 studio
713 1419 831 1472 militurn
854 1424 924 1473 ante

65 1499 156 1549 ortum
169 1496 231 1550 solis
243 1496 270 1548 in
283 1499 372 1549 castra
383 1494 517 1563 pervenit.
587 1527 589 1530 v

117 1578 158 1625 42.
192 1571 265 1625 Dum
276 1571 344 1625 haec
352 1571 389 1624 ad
398 1570 560 1638 Gergoviam
569 1574 710 1639 geruntur,
722 1571 813 1626 Aedui
822 1573 919 1640 primis

65 1649 170 1702 nunciis
186 1647 221 1701 ab
239 1648 358 1701 Litavico
375 1646 494 1715 acceptis
510 1646 615 1699 nullum
632 1643 685 1700 sibi
703 1647 740 1699 ad
757 1663 919 1715 cognoscen-

66 1724 136 1777 dum
150 1723 268 1790 spatium
286 1721 451 1791 relinquunt.
488 1719 612 1789 Impellit
629 1721 696 1775 alios
714 1724 926 1790 avaritia'alios·

65 1799 206 1853 iracundia
236 1802 265 1854 et
296 1798 445 1863 temeritas,
472 1813 543 1866 quae
570 1798 688 1853 maxime
714 1799 753 1853 illi
779 1799 918 1855 hominum

66 1876 160 1944 generi
178 1878 221 1929 est
238 1875 339 1941 innata,
357 1877 388 1927 ut
406 1873 494 1927 levem
511 1872 681 1928 auditionem
693 1874 815 1929 habeant
825 1893 876 1944 pro
887 1893 919 1931 re

66 1954 214 2020 comperta.
251 1950 328 2004 Boua
346 1949 446 2004 civium
464 1949 649 2004 Romanorum
667 1950 808 2020 diripiunt,
821 1952 918 2007 caedes

66 2028 176 2096 faciunt,
188 2029 216 2082 in
231 2027 390 2082 servitutem
408 2026 578 2080 abstrahunt.
609 2026 733 2094 Adjuvat
748 2045 806 2081 rem
822 2029 919 2098 procli-

66 2110 158 2160 natam
182 2102 411 2169 Conuictolitauis,
429 2101 594 2171 plebemque
611 2102 648 2155 ad
664 2103 783 2158 furorem
802 2106 919 2174 impellit

66 2185 98 2236 ut
116 2182 235 2236 facinore
253 2179 371 2233 admisso
391 2179 427 2232 ad
448 2178 593 2232 sanitatem
613 2177 717 2246 pudeat
737 2182 846 2235 reverti,
880 2183 918 2235 Μ.

68 2260 201 2313 Aristium
213 2257 352 2312 tribunum
364 2256 490 2321 militum,
498 2255 557 2309 iter
568 2255 604 2308 ad
617 2255 750 2323 legionem
765 2257 918 2324 facientem,

67 2336 133 2389 data
156 2336 212 2389 fide
233 2351 266 2388 ex
288 2332 387 2402 oppido
409 2331 549 2385 Cabillono
572 2331 706 2386 educunt:
729 2331 803 2385 idem
827 2334 918 2388 facere

66 2416 168 2480 cogunt
179 2428 226 2464 eos
237 2411 285 2478 qui
301 2407 459 2476 negotiandi
476 2424 558 2461 eausa
575 2406 614 2460 ibi
631 2408 821 2462 constiterant.
859 2411 918 2463 llos

66 2489 194 2542 contiuuo
206 2488 232 2539 in
245 2488 344 2540 itinere
356 2484 447 2538 adorti
456 2483 581 2537 omuibus
588 2484 791 2551 impedimentis
800 2489 919 2552 exuunt;

66 2567 251 2634 repugnantes
263 2563 336 2616 diem
348 2567 509 2631 noctemque
521 2559 663 2626 obsident;
674 2559 768 2613 multis
779 2562 918 2631 utrimque

65 2640 219 2694 interfectis
232 2640 363 2707 majorem
376 2638 581 2692 multitudinem
594 2635 630 2691 ad
641 2653 719 2691 arma
729 2638 874 2692 concitant.

118 2721 159 2772 43.
196 2716 312 2770 Interim
330 2717 428 2771 mmcio
446 2715 529 2769 allato
545 2731 640 2769 omnes
656 2731 750 2768 corum
770 2714 872 2767 milites
888 2717 918 2768 in

67 2797 205 2859 potestate
223 2794 347 2848 Caesaris
363 2795 450 2847 teneri
467 2795 631 2848 concurrunt
642 2792 678 2846 ad
691 2791 840 2855 Aristium3
851 2791 919 2846 nibil

68 2867 174 2932 publico
197 2870 300 2924 factum
320 2869 431 2923 consilio
449 2869 652 2934 demonstrant;
673 2866 861 2936 quaestionem
882 2867 918 2921 de

69 2941 145 2995 bonis
168 2944 285 3013 direptis
311 2945 463 3000 decernunt
470 2966 478 3012 ;
502 2944 619 3000 Litavici
646 2945 818 3014 fratrumque
846 2942 919 2997 bona

68 3015 223 3083 publicent;
245 3019 351 3087 legatos
375 3021 411 3074 ad
436 3021 582 3076 Caesarem
605 3022 647 3075 sui
670 3020 805 3089 purgandi
828 3020 919 3089 gratia

69 3091 189 3143 mittunt.
227 3093 304 3146 Htec
315 3095 419 3150 faciunt
434 3098 672 3166 reciperandorum
691 3113 801 3150 suorum
821 3112 917 3151 caius:

70 3162 119 3212 sed
130 3164 305 3218 contaminati
316 3168 434 3222 facinore
446 3175 476 3224 ct
487 3173 560 3239 capti
574 3173 735 3242 compendio
751 3189 785 3227 ex
800 3172 918 3243 direptis

1071 248 1081 430 l
