2175 3409
490 118 601 165 nlssfflt
618 117 683 166 Vll.
971 123 1017 167 133

168 208 287 262 cedebat
306 201 442 262 Romands
456 207 492 260 ad
506 205 705 276 insequendum
723 207 863 261 tardabat,
897 210 1018 277 Jamque

169 284 332 339 nonfacere
355 288 437 337 noctu
461 283 637 352 apparabant,
662 300 746 351 qumn
769 288 872 339 matres
899 285 1018 339 familiae

169 364 284 429 repente
296 362 323 414 in
336 359 474 429 publicum
490 363 693 428 procurrerunt,
709 359 861 429 flentesque
877 360 1018 430 projectae
1045 367 1049 374 '

168 437 203 489 ad
216 437 302 505 pedes
319 452 429 489 suorum
445 434 571 489 omnibus
588 435 715 504 precibus
732 437 872 505 petierunt
889 454 924 490 ne
942 454 973 490 se
988 441 1018 491 et

168 528 326 566 communes
349 513 450 566 liberos
474 512 599 566 hostibus
622 512 659 566 ad
684 513 844 582 supplicium
875 512 1017 579 dederent,

169 605 237 657 quos
250 588 286 642 ad
298 589 458 658 capiendam
470 590 563 657 lugam
578 593 693 643 naturae
708 594 737 643 et
756 589 854 642 virium
873 590 1019 644 infirmitas

169 666 321 733 impediret.
347 664 400 719 Ubi
414 683 459 719 eos
472 666 500 719 in
513 666 649 719 sententia
660 669 784 734 perstare
796 665 932 733 viderunt,
944 666 1019 733 quod

169 743 331 811 plerumque
343 743 372 795 in
384 758 489 795 summo
501 742 623 809 periculo
635 742 717 796 timor
729 742 944 797 misericordiam
962 759 1018 796 non
1082 761 1083 764 ยน

168 818 273 886 recipit,
296 819 466 873 conclamare
495 822 524 873 et
555 818 707 886 significare
737 818 773 872 de
803 820 868 887 fuga
888 818 1018 873 Romanis

169 898 324 962 coeperunt.
359 895 419 960 Quo
431 894 529 948 timore
540 894 684 962 perterriti
696 894 775 963 Galli,
787 913 822 949 ne
839 895 875 949 ab
893 895 1019 964 equitatu

170 969 354 1023 Romanorum
366 970 426 1024 riae
437 972 710 1040 praeoccuparentur,
722 971 831 1024 consilio
843 971 1018 1025 destiterunt.

222 1049 263 1103 27.
299 1046 414 1101 Postero
429 1046 474 1100 die
494 1046 596 1099 Caesar
614 1050 740 1115 promota
758 1047 829 1099 turri
852 1047 1018 1114 directisque

169 1121 298 1192 operibus
319 1139 389 1191 quae
411 1123 502 1176 iacere
520 1122 687 1190 instituerat,
705 1139 803 1191 magno
822 1127 915 1178 coorto
936 1122 1018 1176 imbri

168 1215 223 1251 non
234 1198 360 1251 inutilem
371 1198 441 1252 hanc
453 1198 489 1252 ad
501 1198 663 1268 capiendum
672 1199 813 1252 consilium
822 1202 1017 1267 tempestatem

169 1274 326 1342 arbitratus,
350 1275 424 1343 quod
448 1273 539 1343 paullo
562 1274 698 1328 incautius
722 1274 860 1328 custodias
885 1274 914 1327 in
939 1281 1018 1327 mino

169 1350 315 1420 dispositas
338 1350 458 1417 ridebat,
482 1367 545 1404 suos
570 1367 679 1419 quoque
703 1350 857 1418 languidius
880 1349 908 1403 in
934 1366 1018 1420 opere

168 1427 271 1481 versari
286 1427 379 1495 jussit,
398 1430 428 1481 et
448 1426 516 1494 quid
536 1426 596 1480 fieri
614 1426 698 1480 vellet
718 1426 847 1480 ostendit.
882 1426 1017 1495 Legiones

168 1502 241 1557 intra
252 1503 344 1557 vineas
355 1504 384 1556 in
395 1502 501 1557 occulto
510 1501 655 1571 expeditas
664 1502 823 1556 cohortatur
828 1506 861 1556 ut
870 1501 1017 1571 aliquando

168 1596 219 1648 pro
235 1580 320 1633 tantis
334 1578 473 1632 laboribus
488 1579 609 1632 fructum
625 1578 755 1632 victoriae
769 1579 957 1648 perciperent:
975 1578 1017 1631 his

169 1656 217 1724 qui
243 1655 324 1725 primi
353 1671 460 1708 murum
489 1654 697 1709 adscendissent
724 1655 846 1725 praemia
874 1654 1016 1725 proposuit

169 1731 355 1800 militibusque
378 1732 485 1799 signnm
499 1730 595 1784 dedit.
633 1730 677 1783 Illi
707 1732 798 1786 subito
828 1748 862 1786 ex
892 1731 1018 1786 omnibus

169 1806 293 1876 partibus
303 1807 478 1860 evolaverunt
489 1822 653 1875 murumque
664 1807 791 1862 celeriter
802 1808 1016 1877 compleverunt.

221 1889 261 1938 28.
299 1883 402 1937 Hostes
422 1898 545 1936 renova
568 1883 714 1951 perterriti,
737 1900 816 1937 muro
840 1883 1017 1951 turribusque

66 1992 68 1995 >
170 1958 277 2028 dejecti,
297 1960 325 2013 in
349 1959 407 2013 foro
430 1975 463 2013 ac
485 1959 552 2013 locis
574 1960 775 2029 patentioribus
795 1960 932 2013 cuneatim
956 1974 1017 2012 con-

170 2037 307 2101 stiterunt,
319 2034 372 2088 hoc
382 2035 522 2103 animent,
537 2036 560 2088 si
577 2052 631 2103 qua
648 2053 682 2090 ex
700 2039 780 2105 parte
798 2035 904 2088 obviam
922 2037 1018 2088 contra

170 2112 316 2179 veniretur,
337 2111 395 2165 acie
412 2111 548 2165 instructa
568 2111 766 2180 depugnarent.
803 2109 859 2165 Ubi
880 2110 1016 2165 nominem

168 2188 197 2241 in
220 2204 337 2257 aequum
360 2187 449 2241 locum
473 2203 534 2241 sese
558 2187 711 2252 demittere,
735 2187 786 2240 sed
809 2190 869 2240 toto
895 2186 1017 2255 undique

169 2280 247 2316 muro
260 2262 439 2317 circumfundi
450 2262 586 2331 videnmt,
599 2264 680 2317 veriti
691 2280 726 2317 ne
738 2263 847 2317 omnino
859 2278 922 2331 spes
935 2262 1017 2329 fugae

168 2339 320 2407 tolleretur,
344 2338 460 2407 abjectis
480 2339 563 2393 armis
586 2339 697 2393 ultimas
720 2338 815 2409 oppidi
838 2341 933 2408 partes
956 2353 1018 2391 con-

168 2415 268 2469 tinenti
287 2415 393 2485 impetu
411 2416 576 2485 petiverunt,
595 2432 713 2484 parsque
731 2414 776 2480 ibi,
796 2431 880 2482 quum
901 2415 1017 2481 angusto

169 2495 309 2562 portarum
334 2491 411 2545 exitu
433 2508 462 2545 se
486 2491 539 2561 ipsi
563 2495 728 2560 premerent,
751 2508 767 2545 a
790 2489 929 2557 militibus,
953 2505 1017 2559 pars

165 2567 224 2635 jam
236 2584 346 2635 egressa
357 2568 445 2637 portis
456 2567 491 2620 ab
507 2566 644 2635 equitibus
660 2570 704 2620 est
721 2566 879 2621 interfecta:
897 2583 947 2620 nec
964 2566 1018 2619 luit

169 2644 313 2713 quisquam
325 2645 372 2713 qni
382 2643 502 2713 praedae
511 2643 643 2697 studeret
679 2643 723 2697 Sic
731 2646 761 2696 et
771 2643 924 2696 Genabensi
933 2641 1018 2696 caede

169 2723 199 2773 et
221 2719 315 2774 labore
339 2719 430 2789 operis
455 2719 563 2773 incitati
592 2735 645 2772 non
674 2722 766 2773 aetate
796 2719 933 2786 confectis,
963 2734 1018 2770 non

168 2795 335 2862 mulieribus,
359 2812 413 2849 non
433 2794 584 2849 infantibus
607 2797 797 2865 pepercerunt.
833 2795 959 2864 Denique
983 2810 1017 2847 ex

168 2872 243 2924 omni
254 2870 311 2941 [eo]
323 2887 443 2938 nmnero,
456 2872 503 2939 qui
515 2870 569 2924 fuit
581 2871 690 2925 circiter
702 2886 738 2923 xo
749 2870 861 2936 milium,
879 2871 924 2924 rix
942 2883 1017 2934 nccc,

169 2948 216 3014 qui
237 2948 325 3017 primo
346 2948 464 3001 eminere
481 2946 576 3001 audito
594 2963 624 3000 se
641 2962 676 2999 ex
693 2945 794 3014 oppido
812 2946 959 3014 ejecerant,
978 2945 1018 2996 in-

169 3023 290 3077 columes
311 3023 347 3077 ad
368 3022 623 3090 Vercingetorigem
646 3025 837 3090 pervenerunt.
874 3021 948 3086 Quos
971 3019 1018 3071 ille

168 3098 257 3153 multa
264 3098 324 3166 jam
336 3101 417 3156 nocte
428 3097 537 3152 silentio
547 3116 581 3152 ex
593 3100 658 3165 iuga
669 3098 786 3166 excepit,
798 3098 901 3151 veritus
912 3112 947 3149 ne
964 3111 1019 3161 qua

169 3174 320 3292 in'cpstris
342 3191 377 3229 ex
401 3190 496 3228 eonem
518 3189 653 3228 concursu
675 3174 705 3225 et
732 3171 917 3225 misericordia
943 3169 1016 3234 uulgi

218 3249 228 3296 1
