<?xml version="1.0" encoding="UTF-8"?>
<!DOCTYPE html PUBLIC "-//W3C//DTD XHTML 1.0 Transitional//EN"
    "http://www.w3.org/TR/xhtml1/DTD/xhtml1-transitional.dtd">
<html xmlns="http://www.w3.org/1999/xhtml" xml:lang="en" lang="en">
 <head>
  <title>
</title>
<meta http-equiv="Content-Type" content="text/html;charset=utf-8" />
  <meta name='ocr-system' content='tesseract 3.04.00' />
  <meta name='ocr-capabilities' content='ocr_page ocr_carea ocr_par ocr_line ocrx_word'/>
</head>
<body>
  <div class='ocr_page' id='page_1' title='image "./cjuliicaesarisc00longgoog_0122.png"; bbox 0 0 2175 3409; ppageno 0'>
   <div class='ocr_carea' id='block_1_1' title="bbox 6 92 907 769">
    <p class='ocr_par' dir='ltr' id='par_1_1' title="bbox 55 92 905 321">
     <span class='ocr_line' id='line_1_1' title="bbox 56 92 652 147; baseline -0.01 0"><span class='ocrx_word' id='word_1_1' title='bbox 56 98 106 147; x_wconf 80' lang='lat'><strong>112</strong></span> <span class='ocrx_word' id='word_1_2' title='bbox 314 96 342 146; x_wconf 82' lang='lat' dir='ltr'><strong>O.</strong></span> <span class='ocrx_word' id='word_1_3' title='bbox 360 92 461 144; x_wconf 85' lang='lat' dir='ltr'><strong>JULII</strong></span> <span class='ocrx_word' id='word_1_4' title='bbox 478 93 652 142; x_wconf 77' lang='lat' dir='ltr'>CAESARIS</span> 
     </span>
     <span class='ocr_line' id='line_1_2' title="bbox 56 172 905 244; baseline -0.002 -13"><span class='ocrx_word' id='word_1_5' title='bbox 56 175 203 232; x_wconf 78' lang='lat' dir='ltr'><strong>Paullatim</strong></span> <span class='ocrx_word' id='word_1_6' title='bbox 222 173 372 229; x_wconf 80' lang='lat' dir='ltr'><strong>adsuefacti</strong></span> <span class='ocrx_word' id='word_1_7' title='bbox 389 172 520 242; x_wconf 88' lang='lat' dir='ltr'><strong>superari,</strong></span> <span class='ocrx_word' id='word_1_8' title='bbox 538 172 687 242; x_wconf 87' lang='lat' dir='ltr'><strong>multisque</strong></span> <span class='ocrx_word' id='word_1_9' title='bbox 702 172 769 228; x_wconf 85' lang='lat' dir='ltr'><strong>victi</strong></span> <span class='ocrx_word' id='word_1_10' title='bbox 784 173 905 244; x_wconf 86' lang='lat' dir='ltr'><strong>proeliis,</strong></span> 
     </span>
     <span class='ocr_line' id='line_1_3' title="bbox 55 248 760 321; baseline -0.004 -14"><span class='ocrx_word' id='word_1_11' title='bbox 55 269 91 307; x_wconf 88' lang='lat' dir='ltr'><strong>ne</strong></span> <span class='ocrx_word' id='word_1_12' title='bbox 103 268 132 306; x_wconf 92' lang='lat' dir='ltr'><strong>se</strong></span> <span class='ocrx_word' id='word_1_13' title='bbox 144 251 257 321; x_wconf 89' lang='lat' dir='ltr'><strong>quidem</strong></span> <span class='ocrx_word' id='word_1_14' title='bbox 269 250 321 319; x_wconf 86' lang='lat' dir='ltr'><strong>ipsi</strong></span> <span class='ocrx_word' id='word_1_15' title='bbox 335 265 397 303; x_wconf 88' lang='lat' dir='ltr'><strong>cum</strong></span> <span class='ocrx_word' id='word_1_16' title='bbox 410 248 463 302; x_wconf 84' lang='lat' dir='ltr'><strong>ilis</strong></span> <span class='ocrx_word' id='word_1_17' title='bbox 475 248 579 303; x_wconf 85' lang='lat' dir='ltr'><strong>virtute</strong></span> <span class='ocrx_word' id='word_1_18' title='bbox 592 252 760 318; x_wconf 87' lang='lat' dir='ltr'><strong>comparant.</strong></span> 
     </span>
    </p>

    <p class='ocr_par' dir='ltr' id='par_1_2' title="bbox 6 324 907 769">
     <span class='ocr_line' id='line_1_4' title="bbox 109 324 906 394; baseline -0.001 -13"><span class='ocrx_word' id='word_1_19' title='bbox 109 333 149 382; x_wconf 78' lang='lat'><strong>25.</strong></span> <span class='ocrx_word' id='word_1_20' title='bbox 187 325 280 394; x_wconf 89' lang='lat' dir='ltr'><strong>Hujus</strong></span> <span class='ocrx_word' id='word_1_21' title='bbox 294 324 447 393; x_wconf 81' lang='lat' dir='ltr'>Hercyniae</span> <span class='ocrx_word' id='word_1_22' title='bbox 459 324 550 392; x_wconf 86' lang='lat' dir='ltr'><strong>silvae,</strong></span> <span class='ocrx_word' id='word_1_23' title='bbox 563 341 633 394; x_wconf 90' lang='lat' dir='ltr'><strong>quae</strong></span> <span class='ocrx_word' id='word_1_24' title='bbox 645 341 728 393; x_wconf 90' lang='lat' dir='ltr'><strong>supra</strong></span> <span class='ocrx_word' id='word_1_25' title='bbox 738 325 906 380; x_wconf 82' lang='lat' dir='ltr'><strong>demonstra</strong></span> 
     </span>
     <span class='ocr_line' id='line_1_5' title="bbox 55 400 905 471; baseline -0.002 -13"><span class='ocrx_word' id='word_1_26' title='bbox 55 407 86 458; x_wconf 85' lang='lat' dir='ltr'><strong>ta</strong></span> <span class='ocrx_word' id='word_1_27' title='bbox 104 405 155 470; x_wconf 86' lang='lat' dir='ltr'><strong>cst,</strong></span> <span class='ocrx_word' id='word_1_28' title='bbox 166 400 285 456; x_wconf 89' lang='lat' dir='ltr'><strong>latitudo</strong></span> <span class='ocrx_word' id='word_1_29' title='bbox 297 417 394 454; x_wconf 86' lang='lat' dir='ltr'><strong>novem</strong></span> <span class='ocrx_word' id='word_1_30' title='bbox 406 400 514 470; x_wconf 84' lang='lat' dir='ltr'><strong>dierum</strong></span> <span class='ocrx_word' id='word_1_31' title='bbox 525 400 581 455; x_wconf 89' lang='lat' dir='ltr'><strong>iter</strong></span> <span class='ocrx_word' id='word_1_32' title='bbox 593 401 722 471; x_wconf 84' lang='lat' dir='ltr'><strong>expedito</strong></span> <span class='ocrx_word' id='word_1_33' title='bbox 740 405 831 470; x_wconf 87' lang='lat' dir='ltr'><strong>patet:</strong></span> <span class='ocrx_word' id='word_1_34' title='bbox 851 417 905 456; x_wconf 88' lang='lat' dir='ltr'><strong>non</strong></span> 
     </span>
     <span class='ocr_line' id='line_1_6' title="bbox 56 476 906 546; baseline -0.002 -13"><span class='ocrx_word' id='word_1_35' title='bbox 56 479 129 533; x_wconf 89' lang='lat' dir='ltr'><strong>enim</strong></span> <span class='ocrx_word' id='word_1_36' title='bbox 141 477 221 532; x_wconf 88' lang='lat' dir='ltr'><strong>aliter</strong></span> <span class='ocrx_word' id='word_1_37' title='bbox 232 476 305 531; x_wconf 90' lang='lat' dir='ltr'><strong>finiri</strong></span> <span class='ocrx_word' id='word_1_38' title='bbox 316 479 416 546; x_wconf 84' lang='lat' dir='ltr'><strong>potest,</strong></span> <span class='ocrx_word' id='word_1_39' title='bbox 428 493 518 545; x_wconf 88' lang='lat' dir='ltr'><strong>neque</strong></span> <span class='ocrx_word' id='word_1_40' title='bbox 529 493 672 531; x_wconf 73' lang='lat' dir='ltr'><strong>mensuras</strong></span> <span class='ocrx_word' id='word_1_41' title='bbox 683 477 814 531; x_wconf 89' lang='lat' dir='ltr'><strong>itinerum</strong></span> <span class='ocrx_word' id='word_1_42' title='bbox 826 493 906 531; x_wconf 87' lang='lat' dir='ltr'><strong>nove-</strong></span> 
     </span>
     <span class='ocr_line' id='line_1_7' title="bbox 6 552 907 610; baseline -0.004 0"><span class='ocrx_word' id='word_1_43' title='bbox 6 583 11 610; x_wconf 73' lang='grc'>;</span> <span class='ocrx_word' id='word_1_44' title='bbox 56 558 129 609; x_wconf 87' lang='lat' dir='ltr'><strong>runt.</strong></span> <span class='ocrx_word' id='word_1_45' title='bbox 164 552 261 608; x_wconf 82' lang='lat' dir='ltr'>Oritur</span> <span class='ocrx_word' id='word_1_46' title='bbox 276 553 312 606; x_wconf 89' lang='lat' dir='ltr'><strong>ab</strong></span> <span class='ocrx_word' id='word_1_47' title='bbox 330 552 521 607; x_wconf 85' lang='lat' dir='ltr'><strong>Helvetiorum</strong></span> <span class='ocrx_word' id='word_1_48' title='bbox 537 556 568 608; x_wconf 85' lang='lat' dir='ltr'><strong>et</strong></span> <span class='ocrx_word' id='word_1_49' title='bbox 586 552 735 607; x_wconf 82' lang='lat' dir='ltr'><strong>Nemetum</strong></span> <span class='ocrx_word' id='word_1_50' title='bbox 754 556 784 607; x_wconf 89' lang='lat' dir='ltr'><strong>et</strong></span> <span class='ocrx_word' id='word_1_51' title='bbox 804 552 907 606; x_wconf 77' lang='lat' dir='ltr'><strong>Raura</strong></span> 
     </span>
     <span class='ocr_line' id='line_1_8' title="bbox 56 628 905 697; baseline -0.001 -14"><span class='ocrx_word' id='word_1_52' title='bbox 56 645 150 684; x_wconf 86' lang='lat' dir='ltr'><strong>corum</strong></span> <span class='ocrx_word' id='word_1_53' title='bbox 162 629 270 696; x_wconf 87' lang='lat' dir='ltr'><strong>finibus,</strong></span> <span class='ocrx_word' id='word_1_54' title='bbox 281 631 414 697; x_wconf 89' lang='lat' dir='ltr'><strong>rectaque</strong></span> <span class='ocrx_word' id='word_1_55' title='bbox 426 628 544 681; x_wconf 87' lang='lat' dir='ltr'><strong>fluminis</strong></span> <span class='ocrx_word' id='word_1_56' title='bbox 559 628 678 682; x_wconf 79' lang='lat' dir='ltr'><strong>Danubii</strong></span> <span class='ocrx_word' id='word_1_57' title='bbox 694 628 804 695; x_wconf 81' lang='lat' dir='ltr'><strong>regione</strong></span> <span class='ocrx_word' id='word_1_58' title='bbox 821 629 905 696; x_wconf 89' lang='lat' dir='ltr'><strong>perti-</strong></span> 
     </span>
     <span class='ocr_line' id='line_1_9' title="bbox 56 703 906 769; baseline -0.002 -9"><span class='ocrx_word' id='word_1_59' title='bbox 56 709 105 760; x_wconf 87' lang='lat' dir='ltr'><strong>net</strong></span> <span class='ocrx_word' id='word_1_60' title='bbox 124 703 161 759; x_wconf 84' lang='lat' dir='ltr'><strong>ad</strong></span> <span class='ocrx_word' id='word_1_61' title='bbox 184 705 253 759; x_wconf 88' lang='lat' dir='ltr'><strong>fines</strong></span> <span class='ocrx_word' id='word_1_62' title='bbox 277 705 412 759; x_wconf 81' lang='lat' dir='ltr'><strong>Dacorum</strong></span> <span class='ocrx_word' id='word_1_63' title='bbox 436 708 466 759; x_wconf 92' lang='lat' dir='ltr'><strong>et</strong></span> <span class='ocrx_word' id='word_1_64' title='bbox 491 705 655 769; x_wconf 68' lang='lat' dir='ltr'><strong>Anartium</strong></span> <span class='ocrx_word' id='word_1_65' title='bbox 677 704 741 758; x_wconf 90' lang='lat' dir='ltr'><strong>hinc</strong></span> <span class='ocrx_word' id='word_1_66' title='bbox 765 720 796 759; x_wconf 88' lang='lat' dir='ltr'><strong>se</strong></span> <span class='ocrx_word' id='word_1_67' title='bbox 819 704 906 759; x_wconf 87' lang='lat' dir='ltr'><strong>flectit</strong></span> 
     </span>
    </p>
   </div>
   <div class='ocr_carea' id='block_1_2' title="bbox 57 780 1001 849">
    <p class='ocr_par' dir='ltr' id='par_1_3' title="bbox 57 780 1001 849">
     <span class='ocr_line' id='line_1_10' title="bbox 57 780 1001 849; baseline -0.002 -14"><span class='ocrx_word' id='word_1_68' title='bbox 57 781 229 835; x_wconf 74' lang='lat' dir='ltr'><strong>sinistrorsus</strong></span> <span class='ocrx_word' id='word_1_69' title='bbox 241 781 356 835; x_wconf 85' lang='lat' dir='ltr'><strong>diversis</strong></span> <span class='ocrx_word' id='word_1_70' title='bbox 364 780 400 834; x_wconf 91' lang='lat' dir='ltr'><strong>ab</strong></span> <span class='ocrx_word' id='word_1_71' title='bbox 409 780 520 834; x_wconf 85' lang='lat' dir='ltr'><strong>flumine</strong></span> <span class='ocrx_word' id='word_1_72' title='bbox 529 781 693 848; x_wconf 84' lang='lat' dir='ltr'><strong>regionibus,</strong></span> <span class='ocrx_word' id='word_1_73' title='bbox 703 780 906 849; x_wconf 85' lang='lat' dir='ltr'><strong>multarumque</strong></span> <span class='ocrx_word' id='word_1_74' title='bbox 998 839 1001 842; x_wconf 55' lang='grc'><strong>,</strong></span> 
     </span>
    </p>
   </div>
   <div class='ocr_carea' id='block_1_3' title="bbox 55 856 977 3198">
    <p class='ocr_par' dir='ltr' id='par_1_4' title="bbox 55 856 906 1381">
     <span class='ocr_line' id='line_1_11' title="bbox 56 856 906 925; baseline -0.002 -14"><span class='ocrx_word' id='word_1_75' title='bbox 56 857 181 925; x_wconf 79' lang='lat' dir='ltr'><strong>gentium</strong></span> <span class='ocrx_word' id='word_1_76' title='bbox 203 856 272 911; x_wconf 87' lang='lat' dir='ltr'><strong>fines</strong></span> <span class='ocrx_word' id='word_1_77' title='bbox 289 860 403 925; x_wconf 86' lang='lat' dir='ltr'><strong>propter</strong></span> <span class='ocrx_word' id='word_1_78' title='bbox 425 856 643 924; x_wconf 78' lang='lat' dir='ltr'><strong>magnitudinem</strong></span> <span class='ocrx_word' id='word_1_79' title='bbox 666 856 794 923; x_wconf 77' lang='lat' dir='ltr'><strong>attingit3</strong></span> <span class='ocrx_word' id='word_1_80' title='bbox 816 872 906 923; x_wconf 88' lang='lat' dir='ltr'><strong>neque</strong></span> 
     </span>
     <span class='ocr_line' id='line_1_12' title="bbox 57 930 906 1002; baseline -0.004 -15"><span class='ocrx_word' id='word_1_81' title='bbox 57 931 201 1002; x_wconf 87' lang='lat' dir='ltr'><strong>quisquam</strong></span> <span class='ocrx_word' id='word_1_82' title='bbox 225 936 269 987; x_wconf 87' lang='lat' dir='ltr'><strong>est</strong></span> <span class='ocrx_word' id='word_1_83' title='bbox 293 932 376 1001; x_wconf 90' lang='lat' dir='ltr'><strong>hujus</strong></span> <span class='ocrx_word' id='word_1_84' title='bbox 398 932 563 986; x_wconf 84' lang='lat' dir='ltr'><strong>Germaniae</strong></span> <span class='ocrx_word' id='word_1_85' title='bbox 580 932 628 1000; x_wconf 90' lang='lat' dir='ltr'><strong>qui</strong></span> <span class='ocrx_word' id='word_1_86' title='bbox 646 949 676 986; x_wconf 90' lang='lat' dir='ltr'><strong>se</strong></span> <span class='ocrx_word' id='word_1_87' title='bbox 694 935 743 986; x_wconf 90' lang='lat' dir='ltr'><strong>aut</strong></span> <span class='ocrx_word' id='word_1_88' title='bbox 760 930 851 985; x_wconf 85' lang='lat' dir='ltr'><strong>adisse</strong></span> <span class='ocrx_word' id='word_1_89' title='bbox 868 931 906 984; x_wconf 87' lang='lat' dir='ltr'><strong>ad</strong></span> 
     </span>
     <span class='ocr_line' id='line_1_13' title="bbox 56 1007 906 1082; baseline -0.002 -20"><span class='ocrx_word' id='word_1_90' title='bbox 56 1007 165 1063; x_wconf 88' lang='lat' dir='ltr'><strong>initium</strong></span> <span class='ocrx_word' id='word_1_91' title='bbox 177 1008 238 1078; x_wconf 88' lang='lat' dir='ltr'><strong>ejus</strong></span> <span class='ocrx_word' id='word_1_92' title='bbox 250 1009 334 1064; x_wconf 85' lang='lat' dir='ltr'><strong>silvae</strong></span> <span class='ocrx_word' id='word_1_93' title='bbox 346 1008 429 1077; x_wconf 86' lang='lat' dir='ltr'><strong>dicat,</strong></span> <span class='ocrx_word' id='word_1_94' title='bbox 438 1024 523 1077; x_wconf 87' lang='lat' dir='ltr'><strong>quum</strong></span> <span class='ocrx_word' id='word_1_95' title='bbox 535 1008 643 1062; x_wconf 85' lang='lat' dir='ltr'><strong>dierum</strong></span> <span class='ocrx_word' id='word_1_96' title='bbox 654 1009 710 1062; x_wconf 90' lang='lat' dir='ltr'><strong>iter</strong></span> <span class='ocrx_word' id='word_1_97' title='bbox 722 1022 758 1061; x_wconf 81' lang='lat' dir='ltr'><strong>ux</strong></span> <span class='ocrx_word' id='word_1_98' title='bbox 766 1023 906 1082; x_wconf 68' lang='lat' dir='ltr'><strong>proeesse</strong></span> 
     </span>
     <span class='ocr_line' id='line_1_14' title="bbox 55 1083 906 1154; baseline -0.002 -15"><span class='ocrx_word' id='word_1_99' title='bbox 55 1085 102 1153; x_wconf 87' lang='lat' dir='ltr'><strong>rit,</strong></span> <span class='ocrx_word' id='word_1_100' title='bbox 115 1088 164 1139; x_wconf 90' lang='lat' dir='ltr'><strong>aut</strong></span> <span class='ocrx_word' id='word_1_101' title='bbox 175 1101 229 1154; x_wconf 87' lang='lat' dir='ltr'><strong>quo</strong></span> <span class='ocrx_word' id='word_1_102' title='bbox 245 1101 279 1139; x_wconf 85' lang='lat' dir='ltr'><strong>ex</strong></span> <span class='ocrx_word' id='word_1_103' title='bbox 296 1084 356 1138; x_wconf 85' lang='lat' dir='ltr'><strong>loeo</strong></span> <span class='ocrx_word' id='word_1_104' title='bbox 372 1084 478 1138; x_wconf 89' lang='lat' dir='ltr'><strong>oriatur</strong></span> <span class='ocrx_word' id='word_1_105' title='bbox 495 1085 646 1153; x_wconf 83' lang='lat' dir='ltr'><strong>aeceperit:</strong></span> <span class='ocrx_word' id='word_1_106' title='bbox 664 1083 806 1151; x_wconf 88' lang='lat' dir='ltr'><strong>multaque</strong></span> <span class='ocrx_word' id='word_1_107' title='bbox 824 1083 853 1136; x_wconf 92' lang='lat' dir='ltr'><strong>in</strong></span> <span class='ocrx_word' id='word_1_108' title='bbox 872 1099 906 1137; x_wconf 92' lang='lat' dir='ltr'><strong>ca</strong></span> 
     </span>
     <span class='ocr_line' id='line_1_15' title="bbox 55 1158 906 1232; baseline -0.004 -18"><span class='ocrx_word' id='word_1_109' title='bbox 55 1177 158 1232; x_wconf 81' lang='lat' dir='ltr'><strong>genera</strong></span> <span class='ocrx_word' id='word_1_110' title='bbox 169 1161 287 1215; x_wconf 78' lang='lat' dir='ltr'><strong>ferarum</strong></span> <span class='ocrx_word' id='word_1_111' title='bbox 300 1160 375 1215; x_wconf 83' lang='lat' dir='ltr'><strong>nasci</strong></span> <span class='ocrx_word' id='word_1_112' title='bbox 387 1163 496 1215; x_wconf 86' lang='lat' dir='ltr'><strong>constat</strong></span> <span class='ocrx_word' id='word_1_113' title='bbox 507 1177 579 1228; x_wconf 88' lang='lat' dir='ltr'><strong>quae</strong></span> <span class='ocrx_word' id='word_1_114' title='bbox 594 1160 709 1228; x_wconf 89' lang='lat' dir='ltr'><strong>reliquis</strong></span> <span class='ocrx_word' id='word_1_115' title='bbox 722 1158 751 1212; x_wconf 90' lang='lat' dir='ltr'><strong>iu</strong></span> <span class='ocrx_word' id='word_1_116' title='bbox 764 1158 831 1212; x_wconf 88' lang='lat' dir='ltr'><strong>locis</strong></span> <span class='ocrx_word' id='word_1_117' title='bbox 847 1158 906 1212; x_wconf 84' lang='lat' dir='ltr'><strong>visa</strong></span> 
     </span>
     <span class='ocr_line' id='line_1_16' title="bbox 56 1234 905 1306; baseline -0.002 -16"><span class='ocrx_word' id='word_1_118' title='bbox 56 1254 110 1291; x_wconf 94' lang='lat' dir='ltr'><strong>non</strong></span> <span class='ocrx_word' id='word_1_119' title='bbox 122 1237 192 1292; x_wconf 89' lang='lat' dir='ltr'><strong>sint:</strong></span> <span class='ocrx_word' id='word_1_120' title='bbox 205 1253 240 1292; x_wconf 81' lang='lat' dir='ltr'><strong>ex</strong></span> <span class='ocrx_word' id='word_1_121' title='bbox 252 1236 353 1306; x_wconf 89' lang='lat' dir='ltr'><strong>quibus</strong></span> <span class='ocrx_word' id='word_1_122' title='bbox 365 1253 436 1306; x_wconf 89' lang='lat' dir='ltr'><strong>quae</strong></span> <span class='ocrx_word' id='word_1_123' title='bbox 447 1237 567 1291; x_wconf 84' lang='lat' dir='ltr'><strong>maxime</strong></span> <span class='ocrx_word' id='word_1_124' title='bbox 578 1236 707 1290; x_wconf 84' lang='lat' dir='ltr'><strong>differant</strong></span> <span class='ocrx_word' id='word_1_125' title='bbox 719 1236 754 1289; x_wconf 90' lang='lat' dir='ltr'><strong>ab</strong></span> <span class='ocrx_word' id='word_1_126' title='bbox 765 1234 866 1289; x_wconf 85' lang='lat' dir='ltr'><strong>ceteris</strong></span> <span class='ocrx_word' id='word_1_127' title='bbox 875 1238 905 1289; x_wconf 87' lang='lat' dir='ltr'><strong>et</strong></span> 
     </span>
     <span class='ocr_line' id='line_1_17' title="bbox 56 1312 674 1381; baseline 0.002 -16"><span class='ocrx_word' id='word_1_128' title='bbox 56 1313 203 1367; x_wconf 90' lang='lat' dir='ltr'><strong>memoriae</strong></span> <span class='ocrx_word' id='word_1_129' title='bbox 214 1313 356 1381; x_wconf 85' lang='lat' dir='ltr'><strong>prodenda</strong></span> <span class='ocrx_word' id='word_1_130' title='bbox 367 1313 512 1367; x_wconf 85' lang='lat' dir='ltr'><strong>videantur</strong></span> <span class='ocrx_word' id='word_1_131' title='bbox 523 1312 591 1367; x_wconf 84' lang='lat' dir='ltr'><strong>haec</strong></span> <span class='ocrx_word' id='word_1_132' title='bbox 602 1316 674 1367; x_wconf 87' lang='lat' dir='ltr'><strong>sunt.</strong></span> 
     </span>
    </p>

    <p class='ocr_par' dir='ltr' id='par_1_5' title="bbox 56 1385 909 1821">
     <span class='ocr_line' id='line_1_18' title="bbox 108 1385 906 1456; baseline -0.004 -14"><span class='ocrx_word' id='word_1_133' title='bbox 108 1394 149 1443; x_wconf 79' lang='lat'><strong>26.</strong></span> <span class='ocrx_word' id='word_1_134' title='bbox 187 1389 237 1442; x_wconf 80' lang='lat' dir='ltr'><strong>Est</strong></span> <span class='ocrx_word' id='word_1_135' title='bbox 248 1388 298 1442; x_wconf 88' lang='lat' dir='ltr'><strong>bos</strong></span> <span class='ocrx_word' id='word_1_136' title='bbox 310 1388 384 1442; x_wconf 87' lang='lat' dir='ltr'><strong>cerri</strong></span> <span class='ocrx_word' id='word_1_137' title='bbox 395 1388 490 1456; x_wconf 78' lang='lat' dir='ltr'><strong>figura,</strong></span> <span class='ocrx_word' id='word_1_138' title='bbox 503 1387 582 1456; x_wconf 90' lang='lat' dir='ltr'><strong>cujus</strong></span> <span class='ocrx_word' id='word_1_139' title='bbox 594 1405 611 1442; x_wconf 89' lang='lat' dir='ltr'><strong>a</strong></span> <span class='ocrx_word' id='word_1_140' title='bbox 621 1387 713 1442; x_wconf 87' lang='lat' dir='ltr'><strong>media</strong></span> <span class='ocrx_word' id='word_1_141' title='bbox 727 1386 819 1440; x_wconf 85' lang='lat' dir='ltr'><strong>fronte</strong></span> <span class='ocrx_word' id='word_1_142' title='bbox 832 1385 906 1441; x_wconf 88' lang='lat' dir='ltr'><strong>inter</strong></span> 
     </span>
     <span class='ocr_line' id='line_1_19' title="bbox 56 1462 904 1533; baseline -0.002 -16"><span class='ocrx_word' id='word_1_143' title='bbox 56 1479 136 1517; x_wconf 86' lang='lat' dir='ltr'><strong>aures</strong></span> <span class='ocrx_word' id='word_1_144' title='bbox 147 1481 232 1518; x_wconf 89' lang='lat' dir='ltr'><strong>unum</strong></span> <span class='ocrx_word' id='word_1_145' title='bbox 243 1480 326 1518; x_wconf 89' lang='lat' dir='ltr'><strong>cornu</strong></span> <span class='ocrx_word' id='word_1_146' title='bbox 344 1465 454 1519; x_wconf 76' lang='lat' dir='ltr'><strong>exsistit</strong></span> <span class='ocrx_word' id='word_1_147' title='bbox 466 1465 600 1519; x_wconf 83' lang='lat' dir='ltr'><strong>excelsius</strong></span> <span class='ocrx_word' id='word_1_148' title='bbox 614 1465 756 1533; x_wconf 77' lang='lat' dir='ltr'><strong>magisque</strong></span> <span class='ocrx_word' id='word_1_149' title='bbox 770 1462 904 1516; x_wconf 88' lang='lat' dir='ltr'><strong>directum</strong></span> 
     </span>
     <span class='ocr_line' id='line_1_20' title="bbox 56 1538 904 1608; baseline -0.002 -17"><span class='ocrx_word' id='word_1_150' title='bbox 56 1539 100 1594; x_wconf 88' lang='lat' dir='ltr'><strong>his</strong></span> <span class='ocrx_word' id='word_1_151' title='bbox 123 1556 193 1608; x_wconf 88' lang='lat' dir='ltr'><strong>quae</strong></span> <span class='ocrx_word' id='word_1_152' title='bbox 216 1539 294 1592; x_wconf 91' lang='lat' dir='ltr'><strong>nobis</strong></span> <span class='ocrx_word' id='word_1_153' title='bbox 317 1542 383 1593; x_wconf 92' lang='lat' dir='ltr'><strong>nota</strong></span> <span class='ocrx_word' id='word_1_154' title='bbox 404 1543 468 1594; x_wconf 86' lang='lat' dir='ltr'><strong>sunt</strong></span> <span class='ocrx_word' id='word_1_155' title='bbox 485 1539 620 1594; x_wconf 87' lang='lat' dir='ltr'><strong>cornibus.</strong></span> <span class='ocrx_word' id='word_1_156' title='bbox 656 1540 702 1593; x_wconf 89' lang='lat' dir='ltr'><strong>Ab</strong></span> <span class='ocrx_word' id='word_1_157' title='bbox 720 1538 780 1607; x_wconf 84' lang='lat' dir='ltr'><strong>ejus</strong></span> <span class='ocrx_word' id='word_1_158' title='bbox 797 1552 904 1592; x_wconf 87' lang='lat' dir='ltr'><strong>summo</strong></span> 
     </span>
     <span class='ocr_line' id='line_1_21' title="bbox 56 1613 904 1684; baseline -0.002 -16"><span class='ocrx_word' id='word_1_159' title='bbox 56 1615 126 1669; x_wconf 88' lang='lat' dir='ltr'><strong>sicut</strong></span> <span class='ocrx_word' id='word_1_160' title='bbox 146 1614 254 1684; x_wconf 88' lang='lat' dir='ltr'><strong>palmae</strong></span> <span class='ocrx_word' id='word_1_161' title='bbox 276 1614 400 1683; x_wconf 87' lang='lat' dir='ltr'><strong>ramique</strong></span> <span class='ocrx_word' id='word_1_162' title='bbox 422 1614 479 1669; x_wconf 94' lang='lat' dir='ltr'><strong>late</strong></span> <span class='ocrx_word' id='word_1_163' title='bbox 502 1614 699 1670; x_wconf 79' lang='lat' dir='ltr'><strong>diffindunnn.</strong></span> <span class='ocrx_word' id='word_1_164' title='bbox 733 1613 837 1667; x_wconf 82' lang='lat' dir='ltr'><strong>Eadem</strong></span> <span class='ocrx_word' id='word_1_165' title='bbox 861 1616 904 1667; x_wconf 90' lang='lat' dir='ltr'><strong>est</strong></span> 
     </span>
     <span class='ocr_line' id='line_1_22' title="bbox 56 1688 909 1759; baseline 0.001 -16"><span class='ocrx_word' id='word_1_166' title='bbox 56 1690 174 1744; x_wconf 87' lang='lat' dir='ltr'><strong>feminae</strong></span> <span class='ocrx_word' id='word_1_167' title='bbox 190 1689 328 1759; x_wconf 88' lang='lat' dir='ltr'><strong>marisque</strong></span> <span class='ocrx_word' id='word_1_168' title='bbox 344 1693 451 1758; x_wconf 86' lang='lat' dir='ltr'><strong>natura,</strong></span> <span class='ocrx_word' id='word_1_169' title='bbox 469 1688 567 1745; x_wconf 85' lang='lat' dir='ltr'><strong>eadem</strong></span> <span class='ocrx_word' id='word_1_170' title='bbox 584 1691 672 1744; x_wconf 88' lang='lat' dir='ltr'><strong>forma</strong></span> <span class='ocrx_word' id='word_1_171' title='bbox 689 1689 909 1759; x_wconf 75' lang='lat' dir='ltr'><strong>magnitudoque</strong></span> 
     </span>
     <span class='ocr_line' id='line_1_23' title="bbox 56 1781 194 1821; baseline -0.007 0"><span class='ocrx_word' id='word_1_172' title='bbox 56 1781 194 1821; x_wconf 86' lang='lat' dir='ltr'><strong>cornuum.</strong></span> 
     </span>
    </p>

    <p class='ocr_par' dir='ltr' id='par_1_6' title="bbox 55 1840 977 2896">
     <span class='ocr_line' id='line_1_24' title="bbox 112 1840 977 1911; baseline -0.002 -16"><span class='ocrx_word' id='word_1_173' title='bbox 112 1845 153 1899; x_wconf 77' lang='lat'><strong>27.</strong></span> <span class='ocrx_word' id='word_1_174' title='bbox 190 1842 261 1896; x_wconf 79' lang='lat' dir='ltr'><strong>Sunt</strong></span> <span class='ocrx_word' id='word_1_175' title='bbox 271 1840 340 1896; x_wconf 84' lang='lat' dir='ltr'><strong>item</strong></span> <span class='ocrx_word' id='word_1_176' title='bbox 352 1857 422 1911; x_wconf 88' lang='lat' dir='ltr'><strong>quae</strong></span> <span class='ocrx_word' id='word_1_177' title='bbox 434 1841 608 1910; x_wconf 86' lang='lat' dir='ltr'><strong>appellantur</strong></span> <span class='ocrx_word' id='word_1_178' title='bbox 622 1842 701 1896; x_wconf 89' lang='lat' dir='ltr'><strong>alces.</strong></span> <span class='ocrx_word' id='word_1_179' title='bbox 737 1841 844 1894; x_wconf 89' lang='lat' dir='ltr'><strong>Harum</strong></span> <span class='ocrx_word' id='word_1_180' title='bbox 860 1843 905 1894; x_wconf 88' lang='lat' dir='ltr'><strong>est</strong></span> <span class='ocrx_word' id='word_1_181' title='bbox 971 1867 977 1886; x_wconf 86' lang='lat'><strong>·</strong></span> 
     </span>
     <span class='ocr_line' id='line_1_25' title="bbox 56 1915 905 1986; baseline -0.001 -15"><span class='ocrx_word' id='word_1_182' title='bbox 56 1917 203 1972; x_wconf 88' lang='lat' dir='ltr'><strong>consimilis</strong></span> <span class='ocrx_word' id='word_1_183' title='bbox 215 1917 321 1986; x_wconf 82' lang='lat' dir='ltr'><strong>capreis</strong></span> <span class='ocrx_word' id='word_1_184' title='bbox 332 1917 420 1985; x_wconf 74' lang='lat' dir='ltr'><strong>lignun</strong></span> <span class='ocrx_word' id='word_1_185' title='bbox 432 1922 461 1971; x_wconf 89' lang='lat' dir='ltr'><strong>et</strong></span> <span class='ocrx_word' id='word_1_186' title='bbox 473 1919 592 1972; x_wconf 81' lang='lat' dir='ltr'><strong>varietas</strong></span> <span class='ocrx_word' id='word_1_187' title='bbox 603 1918 731 1986; x_wconf 88' lang='lat' dir='ltr'><strong>pellium;</strong></span> <span class='ocrx_word' id='word_1_188' title='bbox 743 1916 792 1970; x_wconf 87' lang='lat' dir='ltr'><strong>sed</strong></span> <span class='ocrx_word' id='word_1_189' title='bbox 801 1915 905 1983; x_wconf 83' lang='lat' dir='ltr'><strong>magui-</strong></span> 
     </span>
     <span class='ocr_line' id='line_1_26' title="bbox 56 1992 905 2062; baseline -0.002 -15"><span class='ocrx_word' id='word_1_190' title='bbox 56 1993 154 2048; x_wconf 85' lang='lat' dir='ltr'><strong>tudino</strong></span> <span class='ocrx_word' id='word_1_191' title='bbox 173 1992 264 2062; x_wconf 81' lang='lat' dir='ltr'><strong>paullo</strong></span> <span class='ocrx_word' id='word_1_192' title='bbox 283 1992 449 2047; x_wconf 86' lang='lat' dir='ltr'><strong>antecedunt</strong></span> <span class='ocrx_word' id='word_1_193' title='bbox 465 1994 633 2061; x_wconf 87' lang='lat' dir='ltr'><strong>mutilaeque</strong></span> <span class='ocrx_word' id='word_1_194' title='bbox 648 1996 713 2047; x_wconf 88' lang='lat' dir='ltr'><strong>sunt</strong></span> <span class='ocrx_word' id='word_1_195' title='bbox 728 1992 863 2058; x_wconf 87' lang='lat' dir='ltr'><strong>cornibus,</strong></span> <span class='ocrx_word' id='word_1_196' title='bbox 874 1993 905 2045; x_wconf 89' lang='lat' dir='ltr'><strong>et</strong></span> 
     </span>
     <span class='ocr_line' id='line_1_27' title="bbox 56 2067 904 2137; baseline -0.006 -13"><span class='ocrx_word' id='word_1_197' title='bbox 56 2085 136 2124; x_wconf 86' lang='lat' dir='ltr'><strong>crura</strong></span> <span class='ocrx_word' id='word_1_198' title='bbox 159 2070 218 2123; x_wconf 88' lang='lat' dir='ltr'><strong>sinc</strong></span> <span class='ocrx_word' id='word_1_199' title='bbox 241 2068 320 2123; x_wconf 87' lang='lat' dir='ltr'><strong>nodis</strong></span> <span class='ocrx_word' id='word_1_200' title='bbox 343 2069 520 2137; x_wconf 87' lang='lat' dir='ltr'><strong>articulisque</strong></span> <span class='ocrx_word' id='word_1_201' title='bbox 543 2069 662 2134; x_wconf 88' lang='lat' dir='ltr'><strong>habent;</strong></span> <span class='ocrx_word' id='word_1_202' title='bbox 684 2084 774 2137; x_wconf 89' lang='lat' dir='ltr'><strong>nequa</strong></span> <span class='ocrx_word' id='word_1_203' title='bbox 802 2067 904 2136; x_wconf 87' lang='lat' dir='ltr'><strong>quietis</strong></span> 
     </span>
     <span class='ocr_line' id='line_1_28' title="bbox 56 2142 904 2216; baseline -0.006 -15"><span class='ocrx_word' id='word_1_204' title='bbox 56 2162 138 2202; x_wconf 85' lang='lat' dir='ltr'><strong>causa</strong></span> <span class='ocrx_word' id='word_1_205' title='bbox 150 2144 340 2216; x_wconf 86' lang='lat' dir='ltr'><strong>procumbunt,</strong></span> <span class='ocrx_word' id='word_1_206' title='bbox 353 2162 450 2214; x_wconf 90' lang='lat' dir='ltr'><strong>neque,</strong></span> <span class='ocrx_word' id='word_1_207' title='bbox 463 2145 487 2198; x_wconf 89' lang='lat' dir='ltr'><strong>si</strong></span> <span class='ocrx_word' id='word_1_208' title='bbox 499 2161 555 2214; x_wconf 91' lang='lat' dir='ltr'><strong>quo</strong></span> <span class='ocrx_word' id='word_1_209' title='bbox 568 2144 685 2199; x_wconf 84' lang='lat' dir='ltr'><strong>afflictae</strong></span> <span class='ocrx_word' id='word_1_210' title='bbox 700 2160 765 2198; x_wconf 84' lang='lat' dir='ltr'><strong>essu</strong></span> <span class='ocrx_word' id='word_1_211' title='bbox 780 2142 904 2197; x_wconf 84' lang='lat' dir='ltr'><strong>conoide-</strong></span> 
     </span>
     <span class='ocr_line' id='line_1_29' title="bbox 55 2219 904 2291; baseline -0.005 -16"><span class='ocrx_word' id='word_1_212' title='bbox 55 2226 129 2291; x_wconf 82' lang='lat' dir='ltr'><strong>mnt,</strong></span> <span class='ocrx_word' id='word_1_213' title='bbox 154 2222 259 2290; x_wconf 85' lang='lat' dir='ltr'><strong>erigere</strong></span> <span class='ocrx_word' id='word_1_214' title='bbox 283 2237 344 2276; x_wconf 86' lang='lat' dir='ltr'><strong>sese</strong></span> <span class='ocrx_word' id='word_1_215' title='bbox 365 2224 414 2275; x_wconf 90' lang='lat' dir='ltr'><strong>aut</strong></span> <span class='ocrx_word' id='word_1_216' title='bbox 437 2220 580 2275; x_wconf 82' lang='lat' dir='ltr'><strong>sublevare</strong></span> <span class='ocrx_word' id='word_1_217' title='bbox 603 2223 725 2289; x_wconf 85' lang='lat' dir='ltr'><strong>possunt.</strong></span> <span class='ocrx_word' id='word_1_218' title='bbox 763 2219 816 2272; x_wconf 87' lang='lat' dir='ltr'><strong>His</strong></span> <span class='ocrx_word' id='word_1_219' title='bbox 840 2220 904 2271; x_wconf 86' lang='lat' dir='ltr'><strong>sunt</strong></span> 
     </span>
     <span class='ocr_line' id='line_1_30' title="bbox 55 2294 905 2367; baseline -0.004 -16"><span class='ocrx_word' id='word_1_220' title='bbox 55 2299 167 2353; x_wconf 91' lang='lat' dir='ltr'><strong>arbores</strong></span> <span class='ocrx_word' id='word_1_221' title='bbox 187 2315 237 2367; x_wconf 90' lang='lat' dir='ltr'><strong>pro</strong></span> <span class='ocrx_word' id='word_1_222' title='bbox 258 2296 407 2352; x_wconf 89' lang='lat' dir='ltr'><strong>cubilibus:</strong></span> <span class='ocrx_word' id='word_1_223' title='bbox 429 2296 467 2350; x_wconf 88' lang='lat' dir='ltr'><strong>ad</strong></span> <span class='ocrx_word' id='word_1_224' title='bbox 484 2312 531 2350; x_wconf 86' lang='lat' dir='ltr'><strong>eas</strong></span> <span class='ocrx_word' id='word_1_225' title='bbox 549 2313 580 2351; x_wconf 89' lang='lat' dir='ltr'><strong>se</strong></span> <span class='ocrx_word' id='word_1_226' title='bbox 601 2295 745 2366; x_wconf 88' lang='lat' dir='ltr'><strong>applicant,</strong></span> <span class='ocrx_word' id='word_1_227' title='bbox 763 2298 848 2363; x_wconf 87' lang='lat' dir='ltr'><strong>atque</strong></span> <span class='ocrx_word' id='word_1_228' title='bbox 864 2294 905 2348; x_wconf 88' lang='lat' dir='ltr'><strong>ita</strong></span> 
     </span>
     <span class='ocr_line' id='line_1_31' title="bbox 56 2372 904 2443; baseline -0.007 -15"><span class='ocrx_word' id='word_1_229' title='bbox 56 2375 176 2443; x_wconf 87' lang='lat' dir='ltr'><strong>paullum</strong></span> <span class='ocrx_word' id='word_1_230' title='bbox 188 2373 270 2427; x_wconf 89' lang='lat' dir='ltr'><strong>modo</strong></span> <span class='ocrx_word' id='word_1_231' title='bbox 285 2372 433 2427; x_wconf 87' lang='lat' dir='ltr'><strong>reclinatae</strong></span> <span class='ocrx_word' id='word_1_232' title='bbox 449 2372 572 2441; x_wconf 87' lang='lat' dir='ltr'><strong>quietem</strong></span> <span class='ocrx_word' id='word_1_233' title='bbox 590 2372 716 2440; x_wconf 89' lang='lat' dir='ltr'><strong>capiunt;</strong></span> <span class='ocrx_word' id='word_1_234' title='bbox 735 2386 850 2439; x_wconf 91' lang='lat' dir='ltr'><strong>quarum</strong></span> <span class='ocrx_word' id='word_1_235' title='bbox 869 2385 904 2423; x_wconf 86' lang='lat' dir='ltr'><strong>ex</strong></span> 
     </span>
     <span class='ocr_line' id='line_1_32' title="bbox 55 2446 905 2519; baseline -0.006 -16"><span class='ocrx_word' id='word_1_236' title='bbox 55 2450 178 2518; x_wconf 80' lang='lat' dir='ltr'><strong>vestigiis</strong></span> <span class='ocrx_word' id='word_1_237' title='bbox 190 2466 275 2519; x_wconf 90' lang='lat' dir='ltr'><strong>quum</strong></span> <span class='ocrx_word' id='word_1_238' title='bbox 287 2453 330 2504; x_wconf 89' lang='lat' dir='ltr'><strong>est</strong></span> <span class='ocrx_word' id='word_1_239' title='bbox 345 2449 564 2503; x_wconf 86' lang='lat' dir='ltr'><strong>animadversum</strong></span> <span class='ocrx_word' id='word_1_240' title='bbox 580 2464 598 2502; x_wconf 90' lang='lat' dir='ltr'><strong>a</strong></span> <span class='ocrx_word' id='word_1_241' title='bbox 613 2446 788 2502; x_wconf 84' lang='lat' dir='ltr'><strong>venatoribus</strong></span> <span class='ocrx_word' id='word_1_242' title='bbox 804 2461 858 2514; x_wconf 92' lang='lat' dir='ltr'><strong>quo</strong></span> <span class='ocrx_word' id='word_1_243' title='bbox 874 2461 905 2498; x_wconf 87' lang='lat' dir='ltr'><strong>so</strong></span> 
     </span>
     <span class='ocr_line' id='line_1_33' title="bbox 55 2520 905 2664; baseline -0.006 -10"><span class='ocrx_word' id='word_1_244' title='bbox 55 2520 905 2664; x_wconf 57' lang='lat' dir='ltr'><strong>ltintltllnrltrnltmttllmtltlt</strong></span> 
     </span>
     <span class='ocr_line' id='line_1_34' title="bbox 55 2674 905 2745; baseline -0.009 -14"><span class='ocrx_word' id='word_1_245' title='bbox 55 2694 149 2732; x_wconf 88' lang='lat' dir='ltr'><strong>earum</strong></span> <span class='ocrx_word' id='word_1_246' title='bbox 169 2677 300 2731; x_wconf 86' lang='lat' dir='ltr'><strong>stantium</strong></span> <span class='ocrx_word' id='word_1_247' title='bbox 318 2676 498 2745; x_wconf 89' lang='lat' dir='ltr'><strong>relinquatur.</strong></span> <span class='ocrx_word' id='word_1_248' title='bbox 534 2675 598 2729; x_wconf 88' lang='lat' dir='ltr'><strong>Huc</strong></span> <span class='ocrx_word' id='word_1_249' title='bbox 614 2690 700 2743; x_wconf 89' lang='lat' dir='ltr'><strong>quum</strong></span> <span class='ocrx_word' id='word_1_250' title='bbox 716 2688 745 2727; x_wconf 88' lang='lat' dir='ltr'><strong>se</strong></span> <span class='ocrx_word' id='word_1_251' title='bbox 761 2674 905 2726; x_wconf 86' lang='lat' dir='ltr'><strong>consuetu-</strong></span> 
     </span>
     <span class='ocr_line' id='line_1_35' title="bbox 56 2746 904 2819; baseline -0.006 -14"><span class='ocrx_word' id='word_1_252' title='bbox 56 2753 121 2807; x_wconf 89' lang='lat' dir='ltr'><strong>dine</strong></span> <span class='ocrx_word' id='word_1_253' title='bbox 141 2752 348 2819; x_wconf 86' lang='lat' dir='ltr'><strong>reclinaverunt,</strong></span> <span class='ocrx_word' id='word_1_254' title='bbox 367 2752 489 2806; x_wconf 90' lang='lat' dir='ltr'><strong>infirmas</strong></span> <span class='ocrx_word' id='word_1_255' title='bbox 509 2750 621 2805; x_wconf 87' lang='lat' dir='ltr'><strong>arbores</strong></span> <span class='ocrx_word' id='word_1_256' title='bbox 639 2748 762 2819; x_wconf 88' lang='lat' dir='ltr'><strong>pondere</strong></span> <span class='ocrx_word' id='word_1_257' title='bbox 780 2746 904 2814; x_wconf 79' lang='lat' dir='ltr'><strong>affligunt</strong></span> 
     </span>
     <span class='ocr_line' id='line_1_36' title="bbox 55 2828 456 2896; baseline 0.01 -17"><span class='ocrx_word' id='word_1_258' title='bbox 55 2831 138 2895; x_wconf 86' lang='lat' dir='ltr'><strong>atque</strong></span> <span class='ocrx_word' id='word_1_259' title='bbox 150 2844 205 2881; x_wconf 89' lang='lat' dir='ltr'><strong>una</strong></span> <span class='ocrx_word' id='word_1_260' title='bbox 215 2829 291 2896; x_wconf 90' lang='lat' dir='ltr'><strong>ipsae</strong></span> <span class='ocrx_word' id='word_1_261' title='bbox 303 2828 456 2883; x_wconf 85' lang='lat' dir='ltr'><strong>concidunt.</strong></span> 
     </span>
    </p>

    <p class='ocr_par' dir='ltr' id='par_1_7' title="bbox 57 2899 976 3198">
     <span class='ocr_line' id='line_1_37' title="bbox 107 2899 976 2970; baseline -0.003 -15"><span class='ocrx_word' id='word_1_262' title='bbox 107 2908 148 2956; x_wconf 78' lang='lat'><strong>28.</strong></span> <span class='ocrx_word' id='word_1_263' title='bbox 184 2903 306 2958; x_wconf 77' lang='lat' dir='ltr'><strong>Tertium</strong></span> <span class='ocrx_word' id='word_1_264' title='bbox 323 2906 366 2957; x_wconf 92' lang='lat' dir='ltr'><strong>est</strong></span> <span class='ocrx_word' id='word_1_265' title='bbox 382 2920 468 2970; x_wconf 82' lang='lat' dir='ltr'><strong>genus</strong></span> <span class='ocrx_word' id='word_1_266' title='bbox 485 2918 581 2957; x_wconf 87' lang='lat' dir='ltr'><strong>eorum</strong></span> <span class='ocrx_word' id='word_1_267' title='bbox 598 2902 646 2970; x_wconf 88' lang='lat' dir='ltr'><strong>qui</strong></span> <span class='ocrx_word' id='word_1_268' title='bbox 662 2901 707 2955; x_wconf 90' lang='lat' dir='ltr'><strong>uri</strong></span> <span class='ocrx_word' id='word_1_269' title='bbox 724 2899 904 2969; x_wconf 84' lang='lat' dir='ltr'><strong>appellantur.</strong></span> <span class='ocrx_word' id='word_1_270' title='bbox 969 2941 976 2954; x_wconf 93' lang='lat'>.</span> 
     </span>
     <span class='ocr_line' id='line_1_38' title="bbox 57 2975 902 3046; baseline 0 -18"><span class='ocrx_word' id='word_1_271' title='bbox 57 2976 96 3029; x_wconf 93' lang='lat' dir='ltr'><strong>Hi</strong></span> <span class='ocrx_word' id='word_1_272' title='bbox 108 2980 173 3029; x_wconf 85' lang='lat' dir='ltr'><strong>sunt</strong></span> <span class='ocrx_word' id='word_1_273' title='bbox 184 2978 372 3045; x_wconf 78' lang='lat' dir='ltr'><strong>magnitudine</strong></span> <span class='ocrx_word' id='word_1_274' title='bbox 383 2978 473 3046; x_wconf 90' lang='lat' dir='ltr'><strong>paullo</strong></span> <span class='ocrx_word' id='word_1_275' title='bbox 485 2978 558 3031; x_wconf 85' lang='lat' dir='ltr'><strong>infra</strong></span> <span class='ocrx_word' id='word_1_276' title='bbox 573 2978 747 3046; x_wconf 80' lang='lat' dir='ltr'><strong>elephantos3</strong></span> <span class='ocrx_word' id='word_1_277' title='bbox 766 2975 856 3043; x_wconf 86' lang='lat' dir='ltr'><strong>specie</strong></span> <span class='ocrx_word' id='word_1_278' title='bbox 872 2978 902 3028; x_wconf 89' lang='lat' dir='ltr'><strong>et</strong></span> 
     </span>
     <span class='ocr_line' id='line_1_39' title="bbox 57 3051 903 3120; baseline 0.002 -18"><span class='ocrx_word' id='word_1_279' title='bbox 57 3051 146 3103; x_wconf 86' lang='lat' dir='ltr'><strong>colore</strong></span> <span class='ocrx_word' id='word_1_280' title='bbox 158 3054 188 3103; x_wconf 90' lang='lat' dir='ltr'><strong>ct</strong></span> <span class='ocrx_word' id='word_1_281' title='bbox 199 3051 286 3118; x_wconf 78' lang='lat' dir='ltr'><strong>figura</strong></span> <span class='ocrx_word' id='word_1_282' title='bbox 301 3052 381 3106; x_wconf 88' lang='lat' dir='ltr'><strong>tauri.</strong></span> <span class='ocrx_word' id='word_1_283' title='bbox 417 3052 518 3119; x_wconf 83' lang='lat' dir='ltr'><strong>Magna</strong></span> <span class='ocrx_word' id='word_1_284' title='bbox 533 3055 576 3106; x_wconf 83' lang='lat' dir='ltr'><strong>vis</strong></span> <span class='ocrx_word' id='word_1_285' title='bbox 592 3070 685 3106; x_wconf 89' lang='lat' dir='ltr'><strong>eorum</strong></span> <span class='ocrx_word' id='word_1_286' title='bbox 702 3057 746 3107; x_wconf 90' lang='lat' dir='ltr'><strong>est</strong></span> <span class='ocrx_word' id='word_1_287' title='bbox 761 3055 791 3105; x_wconf 88' lang='lat' dir='ltr'><strong>ct</strong></span> <span class='ocrx_word' id='word_1_288' title='bbox 802 3066 903 3120; x_wconf 78' lang='lat' dir='ltr'><strong>magua</strong></span> 
     </span>
     <span class='ocr_line' id='line_1_40' title="bbox 57 3124 905 3198; baseline 0.006 -24"><span class='ocrx_word' id='word_1_289' title='bbox 57 3124 193 3188; x_wconf 75' lang='lat' dir='ltr'><strong>velocitas,</strong></span> <span class='ocrx_word' id='word_1_290' title='bbox 205 3140 294 3192; x_wconf 87' lang='lat' dir='ltr'><strong>neque</strong></span> <span class='ocrx_word' id='word_1_291' title='bbox 306 3126 409 3180; x_wconf 87' lang='lat' dir='ltr'><strong>homini</strong></span> <span class='ocrx_word' id='word_1_292' title='bbox 419 3143 510 3196; x_wconf 86' lang='lat' dir='ltr'><strong>neque</strong></span> <span class='ocrx_word' id='word_1_293' title='bbox 520 3128 596 3181; x_wconf 86' lang='lat' dir='ltr'><strong>ferae</strong></span> <span class='ocrx_word' id='word_1_294' title='bbox 608 3144 690 3196; x_wconf 90' lang='lat' dir='ltr'><strong>quam</strong></span> <span class='ocrx_word' id='word_1_295' title='bbox 702 3130 905 3198; x_wconf 83' lang='lat' dir='ltr'><strong>conspexerunt</strong></span> 
     </span>
    </p>
   </div>
   <div class='ocr_carea' id='block_1_4' title="bbox 0 0 1092 3409">
    <p class='ocr_par' dir='ltr' id='par_1_8' title="bbox 0 0 1092 3409">
     <span class='ocr_line' id='line_1_41' title="bbox 0 0 1092 3409; baseline 0 0"><span class='ocrx_word' id='word_1_296' title='bbox 0 0 1092 3409; x_wconf 95' lang='lat' dir='ltr'><strong> </strong></span> 
     </span>
    </p>
   </div>
  </div>
 </body>
</html>
