2175 3409
465 111 575 159 LIBER
592 111 675 162 VIII.
950 118 995 163 181

136 190 272 246 tirmiter
283 190 462 248 succedentes
472 191 663 259 vulnerabant,
675 196 709 247 ut
723 194 817 247 tamen
834 210 888 248 non
906 196 999 249 deter-

137 268 390 323 rerenturmilites
410 271 498 329 nostri
509 268 609 324 ¹uineas
627 269 752 338 prolerre
768 273 852 339 atquc
870 271 997 341 operibus

137 343 264 397 locorum
288 344 397 398 vincere
420 346 604 400 difficultates.
640 345 745 399 llodem
766 349 892 416 tempore
908 350 997 401 tectos

138 418 281 473 cuniculos
293 418 379 487 agunt
390 421 427 474 ad
439 426 522 491 eaput
534 422 625 488 fontis,
639 420 714 489 quod
725 437 813 489 genus
830 422 921 491 operis
936 423 996 476 sine

139 494 199 548 ullo
211 495 332 563 periculo
348 500 377 551 et
394 498 452 551 sine
470 497 625 566 suspicione
642 497 762 551 hostiurn
780 498 869 553 faeere
886 497 994 553 licebat

141 571 305 625 Exstruitur
316 588 401 641 agger
411 574 440 628 in
452 572 627 628 altitudinem
640 572 742 642 pedum
757 588 830 641 vnn,
848 575 997 629 collocatur

139 647 171 701 in
183 664 217 702 eo
229 649 313 702 turris
325 665 344 702 x
357 650 551 717 tabulatorum,
564 666 619 703 non
636 648 747 718 quidem
765 667 837 719 quae
854 650 996 706 moenibus

141 724 375 795 adaequaretur}
384 726 415 780 id
426 728 499 781 enim
510 726 592 780 nullis
604 726 732 795 operibus
743 728 813 781 effici
821 731 938 797 poterat,
946 727 996 781 sed

141 817 215 870 quae
226 807 370 871 superaret
381 802 466 857 fontis
476 801 625 871 fastigium.
661 802 702 854 Ex
714 818 748 855 ea
765 819 849 872 quum
866 803 923 858 tela
940 806 1015 857 tor-x

141 877 245 931 mentis
264 876 425 946 jacerentur
447 879 484 933 ad
506 879 591 933 fontis
614 877 707 931 aditus
726 894 777 932 nec
798 879 856 932 sine
874 879 996 947 periculo

141 956 256 1022 possent
279 955 376 1022 aquari
397 955 535 1024 oppidani,
565 971 619 1009 non
646 957 756 1008 tantum
784 970 883 1023 pecora
911 959 996 1023 atque

138 1028 276 1097 jumenta,
299 1030 350 1105 sed
373 1031 458 1085 etiam
481 1047 581 1099 magna
603 1029 742 1084 hominum
770 1030 919 1083 multitudo
949 1029 996 1100 siti

142 1106 363 1160 consumebatur.
959 1151 961 1154 ,

196 1186 238 1234 42.
275 1182 334 1247 Quo
347 1181 419 1236 malo
431 1180 573 1251 perterriti
589 1180 717 1251 oppidani
735 1197 818 1250 cupas
836 1197 907 1250 sevo,
924 1181 994 1250 pice,

143 1256 275 1323 scindulis
294 1257 443 1326 complent:
465 1274 512 1312 eas
532 1257 662 1310 ardentes
679 1255 708 1309 in
725 1272 809 1325 opera
825 1257 994 1325 provolvunt.

144 1331 251 1385 Eodem
269 1334 394 1400 tempore
418 1333 552 1387 acerrime
571 1331 744 1401 proeliantur,
763 1335 796 1385 ut
815 1332 850 1385 ab
868 1332 994 1387 incendio

143 1407 341 1475 restinguendo
354 1408 526 1463 dimicatione
538 1411 568 1462 ct
583 1406 703 1476 periculo
720 1407 879 1463 deterreant
897 1408 995 1461 Roma-

143 1498 203 1538 nos.
237 1482 339 1552 Magna
350 1488 466 1553 repente
477 1485 505 1537 in
523 1484 591 1554 ipsis
608 1483 735 1551 operibus
753 1483 861 1537 flamma
878 1484 994 1538 exsistit.

145 1559 339 1628 Quaecumque
351 1560 424 1614 enim
440 1576 490 1629 per
507 1560 597 1614 locum
614 1558 792 1628 praecipitem
809 1560 892 1613 missa
907 1563 996 1626 erant,

145 1651 182 1690 ea
190 1635 276 1689 vineis
287 1638 317 1689 et
328 1651 429 1704 aggere
436 1651 582 1704 suppressa
590 1635 857 1703 comprehendebant
868 1636 897 1690 id
906 1636 993 1704 ipsum

145 1710 221 1780 quod
247 1709 413 1764 morabatur.
448 1710 552 1765 Milites
580 1713 677 1764 contra
704 1711 799 1778 nostri,
829 1726 994 1781 quamquam

144 1786 295 1856 periculoso
315 1803 416 1854 genere
434 1786 530 1855 proclii
548 1786 662 1855 locoque
680 1786 773 1856 iniquo
791 1788 999 1855 premebantur,
1040 1787 1050 1852 j

145 1865 238 1916 tamen
251 1859 341 1915 omnia
356 1862 530 1931 paratissimo
548 1862 721 1916 sustinebant
737 1862 841 1917 animo:
859 1879 903 1916 res
921 1863 993 1915 enim

144 1937 294 2007 gerebatur
317 1941 347 1992 et
370 1938 478 1993 excelso
502 1939 562 1992 loco
585 1942 615 1992 et
636 1938 665 1990 in
688 1940 835 2005 conspectu
859 1937 995 1990 exercitus

78 2066 81 2070 .
144 2013 240 2080 nostri,
253 2030 422 2084 magnusque
433 2015 573 2082 utrimque
580 2014 681 2068 clamor
688 2011 835 2066 oriebatur.
855 2013 901 2067 Ita
913 2028 995 2080 quam

145 2089 261 2159 quisque
272 2093 383 2158 poterat
393 2090 512 2143 maxime
523 2090 644 2157 insignis,
653 2104 707 2158 quo
715 2087 807 2141 notior
813 2088 996 2156 testatiorque

145 2162 232 2220 virtus
245 2165 305 2235 ejus
316 2169 399 2234 esset,
410 2166 474 2220 telis
486 2166 606 2220 hostium
618 2165 797 2233 flammaeque
810 2180 839 2217 se
852 2163 993 2218 offerebat.

197 2247 238 2297 43.
275 2243 377 2297 Caesar
389 2258 473 2310 quum
486 2243 640 2311 complures
653 2257 716 2295 suos
730 2239 867 2294 vulnerari
879 2240 996 2309 videret,

145 2333 181 2371 ex
193 2318 317 2372 omnibus
329 2317 422 2387 oppidi
434 2317 559 2387 partibus
570 2316 697 2371 cohortes
709 2319 829 2369 montem
838 2316 996 2386 ascendere,

146 2395 177 2448 et
188 2393 358 2456 simulatione
373 2394 509 2448 moenium
523 2392 740 2463 occupandorum
757 2392 902 2446 clamorem
917 2391 997 2446 undi-

146 2485 200 2538 que
207 2468 290 2536 jubet
302 2470 405 2524 tollere.
442 2470 501 2535 Quo
516 2470 589 2523 facto
604 2468 746 2539 perterriti
763 2469 899 2538 oppidani,
911 2485 997 2539 quum

146 2545 213 2613 quid
226 2549 357 2613 ageretur
372 2545 400 2599 in
418 2545 485 2599 locis
500 2545 613 2614 reliquis
629 2548 721 2599 essent
736 2544 833 2614 ignari,
850 2543 997 2615 [suspensi]

146 2624 275 2675 revocant
291 2620 327 2675 ab
347 2621 539 2690 impugnandis
563 2620 691 2689 operibus
715 2625 835 2675 armatos
858 2621 998 2689 murisque

147 2696 301 2766 disponunt.
336 2698 383 2752 Ita
397 2698 484 2750 nostri
500 2697 555 2750 fine
571 2694 667 2766 proelii
681 2697 754 2751 facto
771 2697 897 2751 celeriter
914 2713 997 2765 opera

147 2773 255 2826 flamma
269 2773 465 2841 comprehensa
483 2773 585 2841 partim
601 2773 784 2841 restingmunt,
797 2774 898 2842 partim
913 2773 997 2826 inter-

147 2847 280 2904 scindunt.
316 2850 406 2913 Quum
429 2848 606 2916 pertinaciter
629 2849 790 2903 resisterent
813 2847 949 2917 oppidani,
968 2849 998 2900 et

142 2923 200 2993 jam
208 2924 997 2992 magnapartesuorumsitiamissainsententiapermane·

147 3004 216 3066 rent,
234 3001 271 3054 ad
290 3004 460 3069 postremum
484 3002 615 3056 cuniculis
638 3018 724 3056 venae
748 3002 830 3054 fontis
853 2999 998 3052 intercisae

147 3080 211 3131 aunt
228 3079 312 3145 atque
329 3092 447 3131 aversae.
483 3078 543 3143 Quo
561 3078 633 3132 facto
651 3078 801 3131 exhaustus
818 3078 933 3144 repente
951 3091 999 3142 pe-

147 3153 240 3272 renpgs
251 3152 360 3207 exaruit
374 3154 435 3207 fons
449 3155 610 3222 tantamque
628 3154 723 3207 attulit
740 3151 884 3222 oppidanis
901 3150 998 3204 salutis
