2175 3409
108 103 156 152 168
370 98 397 148 O.
416 97 518 149 JULII
535 96 711 147 CAESARIS

108 178 212 249 duplici
223 177 314 248 [fossa
322 175 436 245 duplici]
448 179 683 246 propugnatorum
695 174 791 228 ordine
804 174 970 230 defendere-

109 261 298 324 tur;quorum
307 251 969 321 alterexpontibus,quotutioraltitudinecsset,

109 333 160 386 hoc
167 329 302 385 audacius
313 328 477 398 longiusque
490 327 547 382 tela
555 327 746 397 permitteret;
757 327 835 395 alter,
844 329 892 397 qui
903 344 970 397 pro-

108 409 170 477 pior
186 407 294 460 hostem
317 404 346 458 in
370 405 429 473 ipso
452 404 524 457 valio
547 404 695 458 collocatus
717 406 799 471 esset,
822 408 907 473 ponte
930 405 969 459 ab

108 480 293 537 incidentibus
316 480 380 535 telis
401 484 552 551 tegeretur.
588 479 681 534 Portis
704 479 777 534 iores
800 480 969 549 altioresque

109 562 203 613 turres
215 557 353 627 imposuit

163 641 203 689 10.
238 633 332 702 Hujus
343 631 503 687 munitionis
515 631 618 702 duplex
628 631 846 686 eratcnnsilium.
882 630 968 685 Nam-

109 727 164 778 que
175 713 205 764 et
216 726 331 779 operum
342 708 560 777 magnitudinem
569 712 599 763 et
607 710 735 763 timorem
744 725 823 762 suum
834 709 966 777 sperabat

110 786 239 840 fiduciam
259 785 384 840 barbaris
404 784 559 853 allaturum,
577 788 607 839 et
624 802 709 853 quum
729 784 889 854 pabulatum
909 785 967 838 fru-

110 866 319 932 mentatumque
331 860 439 930 longius
451 862 525 915 esset
533 860 769 931 proficiscendum,
777 861 870 929 parvis
881 861 967 929 copiis
1065 907 1066 920 ,

110 942 201 993 castra
218 938 369 993 munitione
385 939 446 1007 ipsa
463 936 578 990 uidebat
594 952 675 1006 posse
693 936 812 990 delendi.
849 936 967 991 Interim

110 1014 206 1069 crebro
218 1014 312 1084 paucis
323 1014 463 1082 utrimque
475 1011 700 1082 procurrentibus
711 1012 785 1066 iuter
796 1011 863 1066 bina
876 1009 968 1067 casua

110 1091 212 1161 palude
226 1090 372 1158 interjecta
386 1088 619 1154 contendebatur3
634 1105 716 1157 quam
732 1093 825 1142 tamen
838 1088 967 1158 paludem

109 1183 313 1236 nonnumquam
325 1168 374 1220 aut
383 1168 476 1219 nostra
488 1164 590 1218 auxilia
602 1164 743 1218 Gallorum
756 1164 967 1218 Germanorum·
1065 1157 1066 1190 ³

111 1260 165 1313 que
176 1243 329 1298 transibant
338 1241 482 1310 acriusque
493 1239 588 1294 bostes
597 1239 820 1308 insequebantur,
830 1244 880 1295 aut
890 1240 968 1295 vicis·

110 1320 162 1372 sim
174 1319 267 1372 hostes
278 1316 394 1372 eandem
406 1317 570 1385 transgressi
581 1319 691 1370 nostros
702 1316 809 1384 longius
825 1315 967 1370 submove

110 1393 184 1449 bant.
221 1393 376 1448 Accidebat
393 1396 485 1446 autem
506 1391 674 1461 quotidianis
691 1391 919 1462 pabulationibus,
937 1392 967 1446 id

112 1469 186 1539 quod
200 1469 326 1523 accidere
341 1471 403 1523 erat
417 1485 530 1523 neccsse
551 1484 636 1537 quum
650 1469 720 1521 raris
736 1468 914 1537 disjectisque
930 1484 965 1522 ex

111 1544 244 1598 aedificiis
255 1544 386 1614 pabulum
399 1544 618 1613 conquireretur,
629 1547 663 1598 ut
673 1543 814 1612 impeditis
829 1544 896 1598 locis
912 1544 967 1598 dis·

110 1620 184 1690 persi
196 1620 371 1689 pabulatores
383 1621 662 1675 circumvenirentur:
670 1615 804 1689 ,quaeres
816 1620 869 1674 etsi
881 1620 967 1674 medi·

111 1712 174 1750 ocre
187 1696 384 1752 detrimentum
393 1697 582 1765 jumentorum
597 1711 629 1749 ac
647 1695 788 1750 servorum
802 1696 904 1749 nostris
919 1696 967 1750 ad-

111 1772 227 1840 ferebat,
235 1775 328 1826 umen
338 1773 438 1826 stultas
446 1773 628 1840 cogitationes
637 1770 769 1825 incitabat
777 1771 967 1836 barbarorum,

111 1851 196 1918 atquc
216 1865 250 1903 eo
269 1847 364 1916 magis,
382 1847 457 1917 quod
481 1848 629 1915 Commius,
647 1863 730 1915 quem
751 1848 906 1914 proiectum
930 1848 968 1902 ad

111 1926 215 1980 auxilia
233 1926 431 1980 Germanorum
452 1923 614 1977 arcessenda
634 1922 722 1991 docui,
743 1940 805 1977 curu
826 1923 967 1991 equitibus

111 2004 239 2068 venerat;
263 2002 319 2071 qui'
333 2004 426 2055 umen
449 1999 503 2053 etsi
526 2015 641 2053 numero
665 2016 719 2053 non
741 1998 858 2068 amplius
886 2003 967 2054 erant

112 2078 263 2147 quingenti,
283 2081 376 2133 tamen
397 2076 597 2131 Germanorum
620 2075 742 2130 adventu
759 2074 871 2129 barbari
890 2074 967 2129 infla·

112 2154 223 2210 bantur.
476 2165 479 2170 ·

132 2269 135 2274 -
167 2236 206 2284 ll.
242 2229 344 2284 Caesar
352 2243 437 2296 quum
449 2227 683 2282 animadverteret
694 2226 803 2281 hostem
814 2227 967 2298 complures

112 2304 172 2359 dics
184 2305 281 2359 castris
289 2304 390 2373 palude
399 2307 428 2357 et
437 2303 489 2357 ioci
497 2307 598 2357 natura
606 2303 718 2357 munitis
727 2320 757 2357 se
765 2306 869 2372 tenere,
877 2321 967 2373 neque

73 2438 77 2444 ,
114 2382 267 2451 oppugnari
278 2384 369 2435 castra
381 2395 476 2433 eorum
488 2380 547 2433 sine
560 2379 734 2433 dimicatione
746 2375 905 2449 perniciosa,
916 2397 967 2436 nec
1020 2417 1023 2426 «

112 2457 202 2512 locum
213 2455 409 2511 munitionibus
421 2454 511 2509 claudi
525 2455 578 2509 nisi
593 2472 610 2509 a
624 2455 728 2524 maJ'orc
742 2457 865 2510 exercitu
878 2472 966 2525 posse,
1062 2491 1063 2496 κ

112 2533 220 2587 litteras
233 2533 271 2586 ad
286 2531 450 2586 Trebonium
467 2531 563 2596 mittit,
575 2534 608 2585 ut
620 2548 704 2599 quam
718 2530 860 2586 celerrime
873 2537 967 2602 posset

112 2609 248 2677 legionem
261 2623 323 2677 xm,
335 2624 406 2675 quae
418 2624 479 2661 curu
493 2607 522 2660 Τ.
535 2608 631 2662 Sextio
647 2607 739 2675 iegato
752 2608 781 2660 in
796 2607 967 2676 Biturigibus

112 2683 260 2751 hiemabat,
270 2687 430 2750 arcesseret,
440 2689 524 2752 atque
532 2683 573 2737 ita
581 2699 643 2737 cunr
653 2697 688 2736 111
699 2682 851 2750 legionibus
862 2682 968 2754 [aluam]

65 2751 77 2772 “
112 2760 220 2829 magnis
235 2759 380 2814 itineribus
394 2759 432 2813 ad
446 2776 476 2814 se
491 2760 614 2815 veniret:
631 2760 692 2830 ipse
708 2757 818 2828 equites
834 2760 862 2813 in
880 2759 968 2814 vicem

114 2836 264 2888 Remorum
282 2851 314 2888 ac
328 2834 480 2902 Lingonum
496 2835 719 2905 reliquarumque
737 2834 889 2902 civitatum,
902 2852 968 2905 quo·

112 2924 174 2959 rum
183 2925 312 2974 magnum
321 2925 464 2962 numerum
481 2914 649 2977 evocaverat,
663 2910 800 2979 praesidio
815 2910 968 2979 pabulatio-

113 2980 194 3032 nibus
203 2981 298 3047 mittit,
306 2984 354 3051 qui
362 2983 470 3038 subitas
481 2985 601 3038 hostium
613 2986 781 3040 incursiones
792 2986 968 3041 sustinerent

135 3122 140 3133 ·
155 3058 206 3134 Ι12.
242 3055 321 3116 Quod
332 3073 416 3122 quum
429 3059 552 3126 quotidie
564 3060 651 3126 fieret,
662 3077 694 3114 ac
701 3060 761 3128 jam
770 3062 968 3116 consuetudine

114 3120 256 3186 drhgentia
267 3128 442 3198 minueretur,
455 3132 530 3200 quod
541 3132 705 3203 plerumque
719 3136 820 3189 accidit
831 3136 967 3192 diuturni·
