2175 3409
500 124 613 173 LIBER
631 123 666 172 V.
978 83 1013 172 ⁶7

161 209 243 263 licere
258 210 408 273 vereretur,
424 206 474 259 hos
490 220 584 258 omnes
601 204 631 257 in
650 200 820 257 Britanniam
837 199 1014 255 transductae

160 286 282 338 necaret:
300 282 383 336 tidem
395 280 508 349 reliquis
520 280 703 348 interponere,
710 276 906 346 jusjurandum
921 293 1014 346 posce-

159 377 197 425 re,
210 363 241 412 ut
259 358 334 426 quod
349 373 410 411 esse
425 372 460 410 ex
475 372 527 409 usu
543 355 648 409 Galliae
663 353 863 408 intellexissent
878 353 1013 408 communi

158 434 270 489 consilio
289 433 521 487 administrarent
559 431 636 483 llaec
655 446 672 483 a
690 427 872 497 compluribus
890 428 928 481 ed
947 428 1014 482 Gae-

159 526 248 565 sarem
261 507 462 565 deferebantur.

210 590 234 644 7.
270 585 384 650 Quare
408 583 517 651 cognita
540 581 650 646 Caesar,
673 579 748 648 quod
775 583 883 634 tantum
907 580 1013 635 civitati

159 662 275 717 Aeduae
296 660 438 728 dignitatis
457 656 605 721 tribuebat,
622 656 802 714 coercendum
819 660 903 725 atque
922 656 1013 711 deter-

158 738 274 792 rendum
287 736 502 805 quibuscumque
510 733 594 787 rebus
602 735 696 801 posset
706 731 901 798 Dumnorigem
910 735 1013 787 statue·

158 811 222 879 bat3
246 813 321 881 quod
345 810 452 879 longius
475 809 535 878 ejus
560 808 707 863 amentiam
736 806 864 875 progredi
893 808 1012 872 ridebat,

157 888 376 958 prospiciendum
389 903 423 940 nc
435 886 502 956 quid
513 885 566 939 sibi
577 901 609 938 ac
620 885 661 938 rei
671 883 798 952 publicae
807 899 905 938 nocere
912 886 1013 951 posset.

159 965 261 1033 Itaque
278 964 336 1017 dies
354 963 463 1017 circiter
479 977 536 1015 xxv
554 961 583 1014 in
600 977 633 1015 eo
650 960 710 1013 loco
729 963 918 1027 commoratus,
938 961 1013 1029 qued

88 1071 92 1079 ·
157 1055 237 1094 eorus
249 1035 808 1166 ww&
817 1051 942 1103 magnam
952 1053 1013 1105 par·

156 1119 215 1170 tem
234 1115 321 1170 omnis
337 1118 470 1183 temporis
716 1128 747 1166 re
763 1112 911 1176 consuevit,
928 1111 1011 1166 dabat

156 1208 268 1261 operam
279 1191 355 1245 utin
371 1189 458 1243 officie
475 1190 671 1255 Dumnorigem
692 1189 852 1253 contineret,
868 1187 953 1240 nihilo
971 1191 1012 1241 tu·

156 1283 220 1320 men
245 1266 333 1320 secius
357 1265 454 1319 omnia-
470 1264 531 1333 ejus
556 1261 666 1317 consilia
689 1266 878 1331 cognesceret:
901 1263 1012 1317 tandem

155 1343 282 1397 idoneam
293 1344 391 1396 nactus
400 1344 594 1409 tempestatem
604 1339 707 1394 milites
717 1338 878 1408 equitesque
886 1355 1012 1394 conscen-

156 1418 223 1473 dere
235 1419 263 1472 in
272 1435 357 1473 naves
366 1416 455 1485 jubet.
490 1420 531 1470 At
540 1416 661 1470 emnium
669 1414 810 1484 impeditis
821 1416 917 1468 animis
930 1416 1012 1470 Dum-

155 1496 233 1548 norix
243 1511 303 1549 cum
316 1494 456 1563 equitibus
473 1493 635 1547 Aeduorum
651 1509 669 1546 a
683 1491 782 1545 castris
797 1492 928 1546 insciente
945 1494 1012 1547 Cae-

155 1586 216 1624 sare
235 1569 344 1623 demum
360 1569 501 1623 discedere
512 1569 611 1642 eoepit.
648 1568 708 1632 Qua
723 1584 754 1621 re
769 1566 896 1621 nunciata
912 1568 1011 1622 Caesar

154 1645 309 1699 intermissa
329 1644 499 1713 proiectione
512 1647 596 1712 atque
614 1644 739 1697 omnibus
756 1643 838 1697 rebus
853 1644 1012 1713 postpositis

155 1737 282 1789 magnam
298 1726 406 1789 partem
423 1720 563 1789 equitatus
579 1720 616 1774 ad
632 1737 694 1775 eum
711 1719 907 1788 insequendum
924 1720 1011 1774 mittit

155 1797 313 1865 retrahique
330 1797 463 1865 imperat:
479 1796 502 1849 ei
514 1796 570 1850 vim
581 1797 663 1850 faciat
675 1813 764 1865 neque
779 1799 883 1866 pareat,
895 1796 1011 1849 interfici

74 1901 81 1916 ι
151 1872 241 1941 jubet,
252 1872 321 1927 nihil
331 1873 403 1926 hunc
411 1889 441 1927 se
449 1871 564 1927 absente
575 1877 703 1941 proliano
714 1873 850 1926 facturum
862 1871 1011 1926 arbitratus

155 1949 202 2017 qui
227 1950 381 2018 praesentis
404 1949 549 2018 imperium
566 1949 737 2017 neglexisset
774 1947 825 2002 Ille
844 1949 916 2001 enim
934 1965 1012 2002 revo-

153 2028 232 2078 catus
244 2025 373 2078 resistere
384 2040 416 2079 ac
434 2041 465 2078 se
481 2041 564 2078 manu
581 2024 728 2080 defendere
744 2040 908 2093 suorumque
927 2024 1011 2079 fidem

154 2099 300 2168 implorare
314 2100 411 2169 eoepit,
424 2115 507 2168 saepe
518 2099 660 2153 clamitans
672 2100 790 2155 liberum
807 2118 837 2154 se
853 2100 1010 2167 liberaeque

153 2191 214 2229 esse
235 2175 362 2230 civitatis
399 2175 451 2240 illi,
474 2178 506 2228 ut
529 2178 590 2228 erat
611 2175 783 2242 imperatum,
807 2176 1010 2229 circumsistunt

153 2250 290 2305 hominem
308 2254 391 2319 atque
410 2250 594 2315 interficiunt,
612 2255 641 2305 at
659 2251 767 2318 equites
789 2250 881 2304 Aedui
893 2250 930 2305 ad
942 2251 1010 2306 Cae-

153 2341 242 2379 sarem
260 2342 353 2380 omnes
365 2329 549 2381 revertuntur.

206 2407 230 2455 8.
267 2400 320 2454 His
332 2401 415 2455 rebus
425 2402 520 2470 gestis,
531 2402 655 2456 Labieno
665 2404 695 2456 in
710 2405 867 2458 continente
883 2420 945 2457 curn
959 2404 1009 2458 tri-

49 2506 51 2510 *
152 2475 204 2530 bus
224 2476 377 2544 legionibus
396 2481 426 2532 et
445 2477 570 2545 equitum
592 2478 703 2532 milibus
727 2480 833 2534 duobus
856 2479 959 2546 relicto,
977 2482 1009 2534 ut

152 2554 386 2620 portustueretur
398 2558 428 2607 et
439 2554 480 2606 rei
496 2552 693 2608 frumentariae
708 2555 866 2625 provideret
882 2572 1007 2624 quaeque

152 2627 180 2680 in
193 2627 283 2681 Gallia
293 2631 456 2696 gererentur
468 2633 653 2696 cognosceret,
666 2630 861 2701 consiliumque
874 2647 923 2700 pro
939 2635 1008 2684 tem·

151 2718 220 2774 pore
239 2706 269 2757 et
280 2719 330 2772 pre
343 2720 373 2758 re
393 2708 513 2772 caperet,
522 2704 582 2772 ipse
598 2722 661 2759 cum
677 2707 798 2776 quinque
813 2706 964 2774 legionibus
980 2711 1008 2760 et

151 2779 211 2848 pari
226 2796 347 2835 ¹numere
371 2781 496 2850 equitnm
517 2796 600 2852 quen
618 2782 646 2834 in
665 2784 816 2837 confluenti
836 2782 1008 2850 relinquebat

60 2925 62 2929 ,
152 2855 216 2908 solis
228 2871 326 2909 occasu
337 2872 420 2911 naves
433 2855 521 2922 solvit,
534 2859 564 2910 et
575 2856 631 2910 leni
645 2858 741 2913 Africo
757 2864 902 2928 provectus
918 2857 1009 2911 media

151 2931 261 2985 circiter
283 2934 364 2985 nocte
383 2936 465 2987 vento
484 2932 640 2986 intermisso
658 2950 768 2988 cursum
787 2951 842 2988 non
863 2934 960 3000 tenuit,
978 2934 1009 2985 et

151 3004 258 3075 longius
269 3007 379 3062 delatus
390 3012 450 3063 aest
485 3010 548 3060 orta
565 3007 625 3061 luce
641 3010 693 3063 sub
708 3010 818 3064 sinistra
837 3007 1007 3063 Britanniam

151 3082 273 3137 relictam
286 3084 435 3152 conspexit.
470 3081 540 3136 'lum
553 3098 648 3137 mrsns
659 3088 752 3138 aestus
768 3083 1013 3147 commutationem·

151 3162 261 3277 sceptus
272 3159 357 3215 remis
368 3156 511 3216 contendit
521 3160 555 3212 ut
570 3174 631 3213 eam
646 3163 755 3230 partem
763 3158 875 3213 ,muriae
889 3160 1006 3224 caperet
