2175 3409
72 114 104 161 68
310 111 338 160 0.
356 110 459 160 JULII
476 109 658 158 CAESARIs·

124 197 165 247 23.
202 188 256 243 llis
273 189 429 244 constitutis
447 189 530 243 rebus
547 195 643 242 nactus
658 185 785 242 idoneam
800 188 837 242 ad
851 189 926 243 navi-

3 317 4 326 ,
71 269 190 337 gaudum
209 269 403 335 tempestatem
418 266 504 321 tertia
513 266 578 319 ‘scre
593 264 685 332 vigilia
700 264 789 329 solvit,
805 265 925 333 equites·

3 337 4 342 '
71 361 125 412 que
136 344 164 396 iu
176 341 334 396 ulteriorem
346 345 456 412 portum
468 340 598 410 progredi
610 343 640 395 et
651 356 733 393 naves
744 341 925 396 conscendore

71 425 100 473 ct
112 435 142 473 se
154 419 232 486 sequi
243 417 336 485 jussit.
372 420 398 471 A
416 417 516 486 quibus
531 434 617 486 quum
632 416 714 485 paulo
730 416 836 470 tardius
852 422 925 485 essct

70 495 298 562 administratum,
309 495 369 563 ipse
380 493 447 548 bora
459 490 637 547 circiterdiei
649 494 752 561 quarta
760 510 821 546 cum
829 493 925 562 primis

71 571 185 625 navibus
201 570 372 624 Britanniam
389 569 490 637 attigit,
507 573 592 637 atque
608 568 647 622 ibi
664 568 692 621 in
710 568 836 622 omnibus
852 569 925 623 colli·

70 646 121 700 bus
133 647 271 715 expositas
282 646 401 699 bostium
413 645 505 714 copias
519 648 639 699 armatas
654 645 802 713 conspexit.
839 645 924 713 Cujus
983 708 986 713 Α

70 722 120 776 loci
133 722 199 775 haec
211 725 272 776 erat
285 725 382 775 natura
398 725 482 789 atque
497 721 538 775 ita
554 719 693 774 montibus
708 721 833 788 angustis
848 738 924 776 mare
1043 717 1047 721 ”

69 797 261 852 continebatur
276 797 318 851 uti
331 813 364 850 ex
377 797 443 850 locis
455 796 643 865 superioribus
655 796 683 849 in
696 796 762 850 litus
774 796 861 850 telum
875 797 923 852 ad·

69 874 105 942 igi
118 878 219 943 posset.
256 873 338 926 llunc
350 873 386 926 ad
396 872 593 941 egrediendum
608 888 781 940 nequaqnam
794 872 922 927 idoneum

68 950 156 1004 locum
168 949 325 1015 arbitratus,
338 949 403 1002 dum
416 948 538 1016 reliquae
549 964 633 1001 naves
646 964 679 1002 eo
691 948 873 1015 convenirent,
885 949 922 1003 ad

68 1026 162 1080 boram
185 1041 293 1087 nouam¹
307 1025 336 1077 in
358 1025 464 1078 ancoris
488 1024 652 1093 expectavit
690 1024 805 1078 Interim
824 1024 922 1091 legatis

68 1102 240 1170 tribunisque
263 1101 382 1155 militum
405 1101 566 1167 conuocatis,
589 1104 619 1153 et
642 1117 711 1169 quae
730 1116 764 1153 cx
783 1100 920 1155 Voluseno

67 1182 209 1245 cognosset
221 1181 251 1231 et
263 1193 333 1245 quac
345 1177 405 1230 lieri
416 1176 499 1231 vcllct
511 1174 642 1242 ostendit,
655 1176 824 1243 monuitque,
836 1180 868 1230 ut
880 1176 920 1230 rei

67 1255 192 1308 militaris
203 1253 281 1319 ratio,
293 1253 411 1306 maxime
423 1254 455 1305 ut
466 1252 621 1306 maritimae
637 1268 682 1305 res
697 1252 876 1321 postularent,
888 1257 920 1307 ut

67 1346 152 1398 quum
164 1330 279 1383 celerem
292 1332 376 1397 atque
387 1327 544 1381 instabilem
556 1331 662 1381 motum
673 1327 807 1382 baberent
819 1329 855 1382 ad
871 1345 919 1382 nu-

66 1409 126 1459 tum
144 1408 172 1460 et
190 1405 226 1458 ad
244 1407 353 1472 tempus
372 1419 465 1458 omnes
482 1420 528 1457 res
545 1403 580 1457 ab
598 1403 631 1456 iis
654 1402 917 1459 administrarentur.

67 1480 121 1534 His
137 1480 257 1533 dimissis
271 1483 301 1534 et
316 1482 428 1533 ventum
445 1482 475 1533 et
491 1482 598 1532 aestum
614 1495 668 1531 uuo
684 1482 808 1546 tempore
823 1483 919 1533 nactus
945 1481 951 1491 '
990 1488 993 1494 '

66 1543 222 1610 secuudum*
239 1555 304 1608 dato
321 1555 398 1623 signo
416 1558 445 1610 ct
464 1546 580 1610 sublatis
597 1554 702 1608 ancoris
719 1554 828 1609 circiter
844 1555 919 1609 milia
965 1567 973 1586 r

66 1648 195 1701 passuum
206 1646 248 1684 vn
260 1630 294 1684 ab
306 1646 339 1684 co
352 1631 409 1685 loco
421 1646 580 1699 pmgressus
592 1632 689 1698 aperto
700 1647 732 1686 ac
743 1631 823 1699 plano
837 1630 919 1685 litore

65 1724 148 1762 naves
159 1706 310 1761 constituit
779 1709 784 1716 ‘

118 1789 158 1836 24.
194 1784 234 1836 nt
253 1781 362 1836 barbari
379 1781 489 1835 mosibo
506 1781 691 1836 Romanorum
709 1784 824 1851 cognito,
843 1799 919 1851 prac-

65 1859 148 1913 misso
163 1859 288 1927 equitatu
302 1861 331 1911 et
347 1856 501 1924 essedariis,
517 1873 572 1925 quo
590 1858 754 1927 plerumque
770 1875 872 1925 genere
889 1858 918 1912 in

65 1934 175 2003 proeliis
186 1933 228 1988 uti
240 1936 413 2000 consuerunt,
426 1931 540 2001 reliquis
556 1932 641 2000 copiis
657 1932 795 1987 subsecuti
811 1937 918 1988 nostros

64 2010 177 2064 navibus
190 2010 285 2078 egredi
297 2008 504 2078 prohibebantu-
517 2008 586 2061 Erat
598 2008 695 2063 obbas
708 2025 802 2064 causas
814 2025 919 2063 summa

10 2116 15 2120 .
65 2086 218 2153 difficultas,
228 2084 301 2153 quod
313 2100 395 2148 naves
407 2088 520 2154 propter
531 2083 747 2151 magnitudinem
758 2084 810 2136 nisi
822 2085 918 2138 inulto

64 2161 193 2218 constitui
204 2177 258 2215 non
271 2163 405 2229 poterant,
419 2160 553 2214 militibus
564 2165 656 2215 autem
670 2160 771 2228 ignotis
785 2159 857 2224 locis,
868 2161 918 2213 im-

64 2238 166 2309 peditis
178 2237 304 2292 manibus
316 2252 415 2303 magno
427 2240 456 2291 et
468 2236 543 2303 gravi
560 2253 642 2291 onere
656 2253 793 2291 armorum
806 2251 918 2306 oppres-

65 2316 109 2381 sis,
123 2314 203 2367 simul
215 2316 244 2368 et
257 2312 292 2366 de
303 2311 417 2365 navibus
429 2311 613 2368 desiliendum
626 2314 654 2367 et
670 2312 698 2365 in
714 2312 841 2366 fluctibus
857 2328 918 2366 con-

64 2390 215 2445 sistendum
232 2392 338 2443 etcum
356 2387 480 2441 hostibus
498 2391 559 2441 erat
576 2389 771 2457 pugnandmnr
777 2405 861 2457 quum
878 2388 918 2442 illi

63 2470 112 2521 aut
130 2483 165 2520 ex
185 2465 262 2520 arido
277 2468 326 2518 aut
339 2464 450 2532 paulum
464 2464 492 2517 in
508 2481 608 2532 aquam
630 2463 776 2533 progressi,
793 2463 917 2518 omnibus

63 2541 193 2596 membris
214 2539 359 2610 expeditis,
382 2540 530 2596 notissimis
551 2540 616 2595 locis
638 2540 770 2595 audacter
783 2540 841 2593 tela
855 2555 918 2593 oon-

58 2617 179 2686 jicerent
194 2620 224 2671 et
241 2632 326 2684 equos
343 2616 507 2671 insuefactos
524 2616 678 2672 incitarent.
713 2616 818 2680 Quibus
835 2614 918 2670 rebus
964 2621 971 2633 ⁸

63 2693 150 2747 nostri
174 2691 315 2761 perterriti
328 2695 422 2760 -atque
446 2692 528 2761 hujus
551 2693 660 2746 omnino
683 2692 793 2760 generis
810 2707 918 2759 pugnae

61 2768 183 2838 imperiti
194 2784 248 2821 non
260 2766 356 2821 eadem
369 2767 510 2823 alacritate
521 2786 553 2823 ac
566 2768 658 2823 studio
674 2784 729 2837 quo
744 2768 770 2821 in
783 2766 918 2836 pedestri-

62 2843 114 2897 bus
125 2844 168 2897 uti
180 2843 291 2912 proeliis
303 2849 466 2899 consuerant
478 2845 637 2899 utebantur.
997 2904 1001 2914 ,

115 2923 156 2972 25.
192 2917 272 2982 Quod
289 2918 337 2972 ubi
355 2919 456 2973 Caesar
481 2920 684 2988 animadvertit,
708 2936 790 2974 naves
813 2920 916 2987 longas,

63 3008 179 3057 quarum
191 2996 220 3045 et
232 2994 336 3059 species
348 2998 409 3048 erat
420 2995 547 3049 barbaris
561 2997 718 3050 inusitatior
732 3000 761 3050 et
775 3003 866 3049 motus
880 2996 916 3051 ad

63 3081 143 3117 nsum
155 3066 316 3133 expeditior,
329 3070 439 3135 paulum
452 3073 585 3126 removeri
603 3073 637 3126 ab
654 3072 785 3126 onerariis
801 3071 916 3124 navibus

63 3143 93 3191 et
105 3138 187 3191 remis
200 3139 306 3193 incitari
319 3146 348 3195 et
359 3143 395 3194 ad
409 3144 482 3198 latus
498 3151 625 3215 apertum
642 3148 759 3201 hostium
776 3146 915 3211 constitui,
