2175 3409
72 83 102 131 12
324 85 351 132 U.
370 83 472 133 JULII
489 84 662 137 CAESARIS

70 159 265 214 fmmentnriac
276 161 496 229 prospiciendum
509 161 684 231 existimavit,
696 162 751 216 iter
765 163 800 216 ab
818 165 920 219 Helve-

69 236 116 289 tiis
139 235 242 289 avertit
266 251 298 288 ac
326 235 455 289 Bibracte
483 237 525 291 ire
549 238 697 292 contendit.
738 239 779 292 Ea
802 256 847 293 res
869 257 921 307 per

69 310 199 377 fugitivos
211 311 242 365 L.
256 311 375 378 Aemilii,
389 310 543 366 decurionis
559 315 683 381 equitum
700 315 848 382 Gallorum,
860 315 921 369 hos
1027 325 1030 338 '

70 385 145 439 tibus
160 387 311 441 nuntiatur.
347 386 476 453 Helvetii,
489 405 537 442 scu
554 388 629 457 quod
644 390 744 443 timore
759 391 920 457 perterritos

71 460 207 514 Romanos
226 461 368 517 discedere
387 480 404 517 a
423 480 452 517 se
471 463 669 532 existimarent,
688 481 721 518 ec
739 466 825 533 magis
845 467 920 534 qued

68 536 158 604 pridie
179 538 363 606 superioribus
382 539 448 593 locis
468 540 608 609 occupatis
624 541 756 609 proelium
777 559 830 596 non
849 559 920 596 com-

70 612 216 681 misissent,
229 614 285 668 sive
297 631 329 668 eo
346 615 420 683 quod
435 631 465 669 re
481 615 662 669 frumentaria
676 616 823 670 intercludi
839 634 919 686 posse

68 687 246 755 confiderent,
262 694 429 745 commutato
448 692 560 745 consilio
576 694 661 759 atque
677 693 775 746 itinere
789 707 918 747 converso

67 766 176 817 nostros
190 780 207 817 a
221 765 367 818 novissimo
383 766 490 834 agmine
506 766 615 834 insequi
631 782 663 819 ac
679 768 811 822 lacessere
825 786 919 839 coepe-

69 842 142 894 runt.

120 921 161 970 24.
198 916 347 986 Postquam
376 917 406 971 id
435 918 556 972 animum
586 919 714 985 advertit,
740 920 831 987 copias
856 937 918 975 suas

68 992 170 1046 Caesar
181 992 210 1046 in
220 994 375 1060 proximum
387 993 484 1047 collem
496 994 633 1061 subducit,
647 995 856 1064 equitatumque
871 996 918 1063 qui

67 1068 217 1140 sustineret
243 1068 362 1123 hostiuin
385 1070 520 1137 impetum
543 1070 628 1125 misit.
665 1071 731 1139 Ipse
753 1071 865 1125 interim
889 1073 918 1125 in

66 1143 134 1197 colle
150 1143 240 1197 medio
256 1144 393 1213 triplicem
406 1145 493 1199 aciem
505 1146 637 1200 instruxit
648 1146 787 1213 legionum
800 1150 918 1216 quatuor

67 1222 265 1286 veteranorum,
289 1220 329 1274 ita
351 1221 393 1274 uti
417 1237 500 1289 supra
523 1239 554 1275 se
576 1223 605 1275 in
628 1238 733 1276 summo
755 1222 825 1289 jugo
848 1222 918 1277 duas

66 1294 187 1362 legiones
205 1313 273 1365 quas
290 1296 319 1349 in
331 1296 420 1350 Gallia
437 1297 565 1350 citeriore
582 1298 706 1366 proxime
720 1298 917 1363 conscripserat

66 1373 96 1423 et
107 1372 198 1425 omnia
209 1371 310 1425 auxilia
322 1372 474 1438 collocaret,
483 1389 515 1426 ac
526 1376 616 1425 totum
629 1375 749 1424 montem
761 1371 917 1425 hominibus

66 1447 233 1515 compleret;
250 1448 356 1501 interea
370 1448 489 1501 sarcinas
507 1448 534 1500 in
551 1463 635 1500 unum
653 1446 742 1500 locum
759 1447 875 1500 conferri
886 1451 916 1502 et

66 1538 129 1575 eum
150 1521 186 1575 ab
205 1522 248 1576 his
268 1524 315 1591 qui
334 1523 362 1576 in
383 1524 521 1591 superiore
540 1523 599 1576 acie
617 1522 797 1577 constiterant
816 1523 916 1576 muniri

61 1596 153 1665 jussit.
190 1599 312 1652 Helvetii
325 1615 386 1653 eum
400 1599 524 1653 omnibus
537 1600 593 1652 suis
605 1598 690 1652 carris
703 1599 790 1653 secuti
801 1599 917 1667 impedi-

66 1677 159 1729 menta
179 1674 208 1729 in
227 1689 312 1728 unum
332 1675 421 1729 locum
441 1676 630 1740 contulerunt;
647 1674 700 1743 ipsi
719 1676 917 1729 confertissima

66 1750 125 1804 acie
136 1750 241 1819 rejecto
253 1754 346 1826 nostro
359 1751 485 1820 equitatu
496 1750 632 1819 phalange
643 1750 716 1804 faeta
734 1749 785 1804 sub
799 1751 916 1819 primam

65 1831 186 1882 nostram
198 1828 284 1882 aciem
297 1829 492 1881 successerunt.

118 1910 158 1958 25.
195 1904 295 1958 Caesar
316 1903 436 1972 primum
457 1917 513 1968 suc,
535 1901 636 1955 deinde
657 1901 777 1955 omnium
802 1917 837 1955 er
857 1918 918 1955 eon-

65 1984 162 2049 spectu
191 1979 305 2033 remotis
335 1978 420 2046 equis,
445 1982 477 2030 ut
504 1981 623 2046 aequato
652 1978 770 2029 omnium
796 1978 917 2045 periculo

66 2072 143 2122 spem
154 2057 235 2123 fugae
249 2054 366 2119 tolleret,
379 2054 537 2107 cohortatus
550 2069 613 2106 suos
625 2052 758 2120 proelium
775 2052 916 2107 commisit.

66 2130 171 2184 Milites
184 2147 199 2184 e
212 2131 270 2183 loco
286 2129 425 2197 superiore
440 2128 503 2197 pilis
516 2128 606 2181 missis
622 2127 701 2181 facile
718 2127 837 2181 hostium
851 2128 918 2196 pha-

65 2205 174 2273 langem
193 2206 392 2273 perfregerrmt.
430 2205 471 2258 Ea
488 2203 606 2271 disjecta
624 2204 722 2270 gladiis
738 2203 877 2257 destrictis
889 2204 917 2257 in

65 2296 111 2335 eos
130 2282 264 2350 impetum
285 2281 416 2335 feceruut.
433 2301 437 2308 =
453 2279 538 2336 Gallis
555 2295 653 2345 magno
670 2279 706 2331 ad
722 2295 841 2347 pugnam
857 2282 917 2333 erat

64 2357 260 2427 impedimento
277 2356 352 2426 quod
367 2354 490 2424 pluribus
507 2371 602 2408 eorum
621 2355 704 2408 scutis
716 2371 769 2407 uuo
781 2354 838 2407 ictu
849 2354 917 2422 pilo

64 2450 126 2487 rum
142 2433 279 2489 transfixis
295 2436 325 2487 et
339 2432 480 2499 colligatis,
495 2447 580 2500 quum
594 2430 698 2483 ferrum
715 2446 745 2484 se
757 2429 915 2496 inflexisset,

65 2527 154 2578 neque
173 2510 291 2564 evellere
308 2526 399 2578 neque
418 2508 528 2562 sinistra
544 2505 677 2575 impedita
693 2505 760 2558 satis
776 2505 917 2559 commode

64 2601 186 2654 pugnare
198 2588 332 2653 poterant,
342 2584 421 2637 multi
433 2587 465 2637 ut
474 2583 521 2635 diu
529 2581 635 2650 jactato
649 2580 759 2634 brachio
772 2585 917 2649 praeopta-

65 2664 127 2714 rent
146 2664 253 2715 scutum
272 2677 354 2714 manu
373 2660 502 2714 emittere
521 2662 551 2712 et
566 2656 639 2732 nudo
656 2672 771 2725 corpore
785 2672 916 2724 pugnare.

65 2736 187 2792 Tandem
206 2736 364 2790 vulneribus
384 2735 485 2790 defessi
505 2738 534 2789 et
553 2733 652 2802 pedem
668 2732 780 2798 referre,
796 2736 825 2784 ct
842 2731 917 2800 quod

65 2829 142 2866 mons
165 2812 277 2867 suberat
302 2813 410 2866 circiter
435 2811 508 2865 mille
532 2825 662 2879 passuum
686 2824 719 2861 eo
743 2823 773 2860 se
793 2807 917 2876 recipere

65 2891 221 2958 coeperrmt.
258 2888 345 2957 Capto
362 2890 454 2941 monte
471 2890 500 2941 et
512 2883 721 2940 succedentibus
733 2882 841 2950 nostris,
855 2882 916 2936 Boii

66 2969 95 3018 et
120 2963 237 3031 Tulingi,
256 2965 303 3033 qui
326 2964 466 3017 hominum
489 2962 600 3015 milibus
623 2960 732 3014 circiter
755 2974 793 3013 xv
817 2975 917 3027 agmen

65 3042 186 3095 hostiurn
206 3040 370 3093 claudebant
391 3042 420 3092 et
440 3038 595 3092 novissimis
615 3035 751 3105 praesidio
775 3040 861 3103 erant,
881 3052 916 3089 ex

66 3116 165 3168 itinere
182 3117 289 3166 nostros
306 3114 393 3167 latere
410 3117 506 3171 aperto
522 3113 644 3180 adgressi
663 3111 872 3177 circumvenere,
887 3113 916 3164 et
