2175 3409
66 155 97 204 er
243 124 246 129 ’
332 154 360 204 e.
384 154 486 205 sonu
503 123 681 204 ‘comanis

66 233 154 302 pressi
179 232 327 302 periemnt.
362 233 456 289 Nostri
481 233 518 288 ed
541 249 626 288 unum
652 249 746 288 omnes
771 235 920 290 incolumes

2 327 3 369 }
67 309 209 380 perpaucis
221 308 370 362 vulneratis
380 326 414 362 ex
426 310 497 364 tanti
508 309 574 363 holli
586 310 692 373 timore,
705 327 788 379 quum
800 311 919 364 hostium

2 419 3 424 κ
67 401 195 440 numerus
213 384 333 453 capitum
356 398 449 438 ccxxx
471 385 577 438 milium
601 385 705 452 husset,
723 402 753 440 ac
776 386 805 439 in
829 389 920 440 castra

67 464 236 530 receperunt.
274 460 375 514 Caesar
385 460 429 514 his
440 476 510 529 quos
521 460 550 513 in
561 462 658 514 castris
669 462 820 517 retinuerat
836 453 927 518 disce-s

67 537 150 592 dandi
162 538 330 606 potestatem
342 534 414 589 iecit.
451 535 497 589 Illi
510 535 642 604 supplicia
654 538 845 606 cruciatusque
859 536 921 591 Gal-
990 558 992 562 ·

66 614 156 667 lorum
180 611 269 679 veriti,
293 628 409 680 quorum
433 626 514 679 agros
537 616 710 678 vexaverant,
729 628 871 667 remanere
891 629 922 666 se

67 689 141 759 apud
153 704 215 743 eum
235 687 305 741 velle
321 687 459 741 dixerunt.
495 686 548 741 His
565 687 666 741 Caesar
683 687 841 744 libertatem
860 704 922 741 con-

67 765 156 820 cessit

120 845 161 894 16.
197 837 358 893 Germanico
366 837 808 893 belloconfectomultisdecausis
821 838 922 893 Caesar

68 915 167 969 statuit
178 913 230 969 sibi
243 914 369 967 Rhenum
381 929 441 967 esso
453 913 666 978 transeundum
685 930 800 983 quarum
812 914 858 967 illa
868 914 923 968 fuit

63 991 216 1059 justissima
228 989 309 1058 quod,
321 1006 405 1058 quum
417 988 525 1043 videret
541 988 691 1042 Germanos
706 993 764 1043 tam
779 989 858 1043 facile
873 989 923 1042 im-

68 1067 133 1135 pelli
156 1066 241 1120 utin
264 1064 380 1120 Gelliam
403 1065 535 1132 venirent,
561 1063 617 1117 suis
640 1080 749 1134 quoque
770 1064 853 1119 rebus
876 1080 923 1119 eos
956 1068 962 1078 ‘

68 1142 167 1197 timere
191 1141 284 1209 voluit,
305 1157 389 1211 quum
409 1140 598 1212 intelligerent
616 1144 646 1194 et
664 1156 745 1209 posse
768 1143 797 1194 et
820 1140 923 1196 audere

69 1219 161 1288 populi
182 1216 298 1271 Romani
316 1216 469 1271 exercitum
490 1215 617 1269 Rhenum
635 1216 762 1271 transire.
798 1217 924 1271 Accessit

69 1295 153 1347 etiam
165 1292 241 1363 quod
251 1292 297 1346 illa
308 1308 373 1361 pars
384 1292 523 1360 equitatus
535 1291 680 1359 Usipetum
696 1296 726 1346 et
741 1292 924 1347 'lenchthero-

69 1386 139 1437 rum,
152 1385 234 1437 quam
245 1384 328 1436 supra
340 1367 547 1422 commemoravi
562 1368 712 1435 praedandi
727 1369 924 1436 frumentandi·
1027 1372 1030 1378 '

66 1462 124 1513 que
144 1460 227 1518 eausa
246 1443 352 1497 Mosam
371 1443 501 1497 transisse
524 1459 614 1511 neque
636 1444 738 1512 proelio
760 1446 924 1514 interfuisse,

69 1524 133 1588 post
151 1519 244 1587 fugam
264 1534 374 1592 suorum
393 1535 423 1573 se
442 1522 519 1573 trans
539 1518 666 1573 Rhenum
684 1520 713 1572 in
731 1520 799 1574 fines
819 1521 924 1590 bigam.

70 1596 182 1649 brorum
198 1597 340 1663 receperat
354 1611 438 1663 seque
448 1612 510 1649 eum
523 1594 557 1648 iis
572 1589 760 1663 conjunxerat.
796 1597 844 1651 Ad
856 1614 925 1665 quos

72 1670 270 1740 quumsaesar
287 1670 398 1723 nuntios
417 1670 544 1739 misisset,
560 1672 608 1740 qui
622 1672 794 1741 poshssarcnt
809 1689 856 1728 eos
876 1673 924 1742 qui

72 1747 124 1800 sibi
137 1746 298 1814 Galliaeque
308 1744 411 1800 bellum
425 1746 583 1800 intulissent
598 1747 649 1801 sibi
663 1748 804 1817 dederent,
813 1766 924 1818 respon-

72 1823 187 1877 derunt:
206 1822 303 1891 Populi
316 1822 432 1894 Romani
444 1823 588 1897 imperium
604 1823 732 1886 Rhenum
743 1824 838 1879 finire:
860 1826 882 1879 si
894 1841 925 1879 se

71 1899 158 1953 invito
169 1898 320 1954 Germanos
330 1899 359 1952 in
372 1898 489 1953 Galliam
500 1900 619 1953 transire
630 1916 684 1954 non
700 1916 817 1968 aequum
834 1900 925 1954 existi.

73 1977 169 2042 maret,
187 1990 237 2027 eur
254 1974 296 2027 sui
320 1974 471 2044 quidquam
494 1988 556 2029 csse
577 1975 685 2043 imperii
709 1978 758 2029 aut
779 1975 925 2045 potestatis
998 2003 1006 2016 ·

74 2055 152 2106 trans
175 2050 302 2104 Rhenum
325 2049 497 2118 postularet?
533 2049 601 2104 Ubii
625 2053 726 2118 autem,
750 2052 797 2119 qui
819 2050 867 2103 uni
890 2067 925 2104 ex

74 2124 286 2181 Transrhenanis
298 2124 335 2177 ad
347 2124 491 2180 Gaesarem
505 2126 612 2194 legatos
628 2125 767 2194 miserant,
778 2122 926 2180 amicitiam

73 2204 201 2268 fecerant
213 2201 324 2256 obsides
335 2197 475 2270 dederant,
488 2218 586 2270 magno
597 2215 681 2269 opere
694 2200 809 2255 orabant
824 2204 857 2255 ut
873 2200 926 2255 sibi

29 2337 33 2344 ,
74 2279 205 2334 auxilium
222 2277 316 2345 ferret,
330 2276 404 2346 quod
419 2278 541 2345 graviter
556 2277 593 2331 ab
608 2277 703 2331 Suavis
719 2280 910 2346 premerentur
918 2298 926 2343 ;

74 2357 118 2410 vel
130 2356 153 2409 si
164 2353 193 2408 id
204 2354 294 2408 facere
304 2352 526 2420 occupationibus
538 2354 578 2407 rei
590 2352 715 2422 publicae
728 2353 927 2421 prohiberetur,

75 2432 226 2486 exereitum
238 2428 321 2482 modo
333 2427 459 2482 Rhenum
470 2432 689 2499 transportaret:
707 2428 737 2482 id
749 2428 801 2482 sibi
814 2428 850 2482 ad
861 2445 927 2481 aux-

74 2509 151 2561 ilinm
164 2501 296 2577 spemque
306 2504 405 2573 reliqui
417 2506 549 2575 temporis
561 2504 630 2558 satis
644 2504 774 2560 futurum.
810 2501 928 2558 'lantum

76 2601 136 2638 csse
158 2599 256 2636 nomen
280 2583 364 2650 atque
384 2581 538 2649 opinionem
555 2580 616 2649 ejus
633 2581 769 2636 exereitus
788 2580 929 2634 Ariovisto

75 2661 154 2729 pulso
176 2663 205 2712 et
228 2658 280 2712 hoe
295 2655 440 2711 noussimo
456 2658 560 2728 proelio
576 2657 648 2710 facto
665 2658 748 2712 etiam
765 2656 801 2709 ad
818 2655 929 2709 ultimas
1002 2650 1006 2658 '

77 2738 275 2790 Germanorum
297 2733 430 2804 nationes,
447 2734 490 2790 uti
507 2734 634 2804 opinione
651 2737 681 2787 et
699 2732 819 2787 amicitia
835 2731 929 2801 populi

78 2811 193 2865 Romam
204 2809 259 2864 tuti
272 2826 332 2863 esse
346 2811 462 2879 possint.
497 2812 524 2865 N
526 2811 616 2865 avium
631 2825 758 2878 maguam
772 2808 876 2876 copiam
892 2807 929 2860 ad

77 2885 319 2953 transportandum
331 2886 482 2941 exercitum
493 2885 700 2956 pollicebantur.

132 2962 172 3016 17.
208 2959 308 3013 Caesar
316 2960 359 3013 his
367 2960 403 3015 de
411 2963 499 3016 causis
508 2978 577 3031 quas
585 2959 792 3015 commemoravi
803 2957 930 3012 Rhenum

78 3034 196 3088 transire
220 3033 387 3101 decreverat,
406 3037 456 3090 sed
473 3037 587 3092 navibus
607 3037 726 3091 transire
750 3050 840 3104 neque
863 3034 931 3089 satis

78 3111 170 3162 tutum
188 3124 248 3162 esse
265 3110 452 3165 arbitrabatur
467 3128 558 3180 neque
575 3129 642 3167 suae
658 3128 748 3182 neque
765 3111 859 3181 populi
878 3110 931 3164 Ro

79 3182 153 3237 mani
176 3182 318 3264 diguitatis
343 3201 403 3239 esse
429 3187 577 3242 statuebat.
614 3188 722 3259 Itaque,
746 3188 799 3244 etsi
825 3203 932 3244 summa
