2175 3409
85 116 117 166 at
338 116 366 164 C.
382 112 485 163 JULII
501 111 674 162 CAESARIS
776 159 781 171 ,
808 149 813 180 ,
880 150 886 158 ,

87 195 201 260 bantur;
221 193 421 263 quorum'pars
438 191 609 261 deprehensa
625 193 654 246 in
671 195 820 262 conspectu
834 195 941 249 nostro-

85 286 147 324 rum
158 268 276 323 militum
288 285 350 323 cum
361 269 484 322 cruciatu
499 267 656 322 necabatur.
691 269 761 324 Erat
771 286 847 324 ¹uum
864 270 939 325 intus

85 347 211 413 Nervius,
235 345 344 399 nomine
367 344 487 413 Vertieo,
511 344 571 399 loeo
598 348 681 399 natus
703 344 826 414 honesto,
850 346 899 415 qui
921 362 940 400 a

86 424 174 491 prima
193 421 334 475 obsidione
354 420 391 475 ad
410 420 568 475 Ciceronem
586 422 745 489 perfugerat
765 438 895 490 suamque
912 422 938 476 ei

86 498 170 552 fidem
181 496 366 565 praestiterat.
393 496 458 551 ‘Hic
470 512 549 552 servo
561 513 610 566 spe
624 496 761 552 libertatis
776 497 938 566 magnisque

85 572 235 642 persuadet
256 572 385 641 praemiis
407 575 440 626 ut
463 572 571 626 litteras
593 573 631 626 ad
653 573 799 627 Caesarem
823 572 937 628 deferat

87 648 148 702 Has
159 647 206 702 ille
221 647 250 701 in
261 646 355 716 jaculo
366 648 485 717 illigatas
501 648 587 714 effert,
600 651 629 703 et
646 648 740 702 Gallus
756 649 830 702 inter
845 647 938 704 Gallos

86 724 144 777 sine
155 723 211 777 ulla
222 723 374 792 suspicione
385 727 509 779 versatus
520 723 557 777 ad
569 724 714 778 Caesarem
723 722 854 791 pervenit
890 721 937 777 Ab

86 815 120 853 eo
131 798 167 853 de
179 799 307 867 periculis
319 799 457 855 Ciceronis
468 799 637 867 legionisque
647 798 827 866 cognoscitur.

137 882 178 931 46.
215 875 456 945 Caesar'acceptis
479 874 581 930 litteris
605 875 673 929 hora
694 873 804 928 circiter
827 887 859 927 xr
881 872 938 928 diei

86 954 180 1006 statim
191 951 319 1006 nuncium
328 953 356 1005 in
365 952 524 1007 Bellovacos
531 950 569 1006 ad
578 951 616 1005 M.
625 951 754 1005 Crassum
763 952 938 1022 quaestorem

85 1028 181 1096 mittit,
192 1027 270 1096 enjus
284 1027 399 1082 hiberna
410 1028 525 1086 aberant
539 1026 575 1082 ab
590 1043 623 1081 eo
638 1026 715 1079 milia
730 1041 860 1094 munna
871 1040 936 1080 xxv.

86 1104 173 1159 Jubet
191 1103 283 1158 media
293 1109 374 1160 nocte
384 1104 518 1173 legionem
526 1102 660 1172 proticisci
672 1101 854 1170 celeriterque
863 1100 938 1156 adse

86 1181 186 1234 venire.
208 1181 274 1235 Exit
285 1196 347 1234 cum
358 1181 456 1234 nuncio
468 1180 590 1235 Crassus.
625 1177 754 1232 Alterum
766 1177 803 1231 ad
815 1176 845 1231 C.
858 1175 938 1230 rabi-

86 1273 133 1310 um
141 1257 262 1325 legatum
271 1256 359 1310 mittit
368 1256 436 1311 utin
448 1254 617 1309 Atrebatum
629 1253 696 1306 lines
708 1252 842 1321 legionem
851 1252 937 1318 addu-

86 1336 138 1399 cat,
151 1349 206 1401 qua
218 1332 269 1385 sibi
281 1332 337 1386 iter
348 1331 503 1387 iaciendum
515 1329 626 1383 sciebat.
661 1328 764 1383 Scribit
775 1326 938 1394 Labienusi

87 1409 127 1462 rei
139 1409 263 1477 publicae
274 1407 416 1462 commodo
427 1408 516 1461 tacere
528 1408 629 1475 posset,
637 1403 814 1472 cumlegione
825 1402 937 1457 adfines

87 1483 250 1537 Nerviorum
269 1482 374 1537 veniat:
400 1481 534 1551 reliquam
559 1484 666 1549 partem
692 1479 836 1546 exercitus,
863 1477 938 1547 quod

86 1558 178 1627 paullo
190 1557 287 1611 aberat
298 1557 412 1625 longius,
424 1573 478 1611 non
489 1559 572 1625 putat
585 1554 810 1624 exspectandam
831 1554 938 1623 equites

86 1633 196 1689 circiter
204 1631 419 1702 quadringentos
429 1649 465 1687 ex
476 1632 607 1702 proximis
618 1630 738 1684 hibernis
750 1628 862 1697 colligit.

138 1714 180 1767 47.
216 1708 293 1763 Hora
315 1709 425 1763 circiter
447 1724 483 1763 111
500 1708 535 1762 ab
553 1705 774 1761 antecursoribus
790 1704 828 1759 de
847 1703 938 1758 Crassi

87 1786 206 1840 adventu
218 1783 319 1838 certior
329 1783 418 1838 factus
430 1800 463 1838 eo
476 1784 522 1838 die
532 1783 607 1837 milia
619 1797 749 1851 passuum
765 1779 862 1847 viginti
876 1795 939 1848 pro·

86 1861 218 1930 graditur.
253 1860 381 1914 Crassum
393 1859 598 1914 Samarobrivae
609 1856 734 1926 praeficit
749 1855 939 1923 legionemque

87 1938 113 1991 ei
135 1934 270 2002 attribuit,
294 1933 429 2004 quodibi
451 1933 648 2003 impedimenta
665 1930 810 1998 exereitus,
828 1928 939 1984 obsides

86 2011 236 2078 civitatum,
254 2010 362 2065 litteras
378 2011 501 2079 publicas
518 2010 741 2075 frumentumque
758 2020 844 2070 omne,
862 2004 939 2073 quod

87 2104 121 2143 eo
150 2085 308 2142 tolerandae
337 2085 434 2140 hiemis
462 2101 545 2139 causa
575 2083 731 2147 devexerat,
757 2079 937 2149 relinquebat

88 2163 198 2231 Fabius,
212 2166 245 2217 ut
259 2162 423 2230 imperatum
437 2164 506 2227 erat,
519 2176 575 2214 non
588 2160 629 2213 ita
642 2157 895 2216 multummoratus
907 2154 938 2209 in

86 2239 185 2293 itinere
197 2254 258 2293 cum
274 2237 382 2305 legione
395 2236 520 2291 occurrit.
557 2234 694 2289 Labienus
711 2231 825 2286 interitu
843 2230 938 2286 Sabim

87 2318 117 2386 et
128 2314 213 2369 caede
224 2313 375 2368 cohortium
386 2311 503 2381 cognita,
515 2327 600 2381 quum
611 2324 705 2363 omnes
715 2306 752 2361 ad
767 2322 830 2361 eum
845 2305 939 2360 Trari-

87 2407 179 2445 rorum
191 2389 285 2458 copiae
295 2388 441 2455 venissent,
453 2388 558 2443 veritus
573 2402 615 2451 ne,
632 2384 656 2438 si
672 2399 707 2437 ex
722 2381 844 2436 hibernis
856 2381 938 2449 fugae

87 2466 204 2520 similem
225 2464 420 2533 protectionem
435 2463 553 2528 fecisset,
570 2459 689 2514 hostium
705 2457 840 2525 impetum
857 2455 938 2511 susti·

87 2557 153 2596 nere
163 2557 218 2594 non
228 2543 329 2608 posset,
340 2539 502 2608 praesertim
517 2552 586 2605 quos
598 2533 703 2588 recenti
718 2532 833 2586 uictoria
848 2532 939 2586 efferri

87 2616 178 2684 sciret,
196 2616 304 2670 litteras
328 2614 439 2669 Caesari
461 2612 587 2679 remittit,
606 2611 708 2677 quanto
731 2622 793 2661 cum
816 2607 939 2676 periculo

87 2691 222 2759 legionem
241 2707 275 2744 ex
293 2688 416 2744 hibernis
434 2689 584 2743 educturus
602 2687 688 2738 essct:
706 2698 765 2736 rem
784 2685 892 2750 gestam
909 2683 938 2735 in

88 2765 259 2821 Eburonibus
270 2763 427 2832 perscribiti
439 2763 521 2817 docet
532 2775 627 2816 omnes
638 2758 777 2826 equitatus
785 2756 947 2826 peditatus-⁸

89 2856 143 2909 que
155 2840 247 2908 copias
259 2838 431 2892 Trevirorum
442 2837 498 2892 tria
506 2835 582 2891 milia
592 2849 722 2905 meum
736 2831 817 2901 longe
831 2832 868 2887 ab
882 2835 939 2888 suis

88 2915 188 2967 eastris
197 2912 359 2967 conmdmse.
742 2909 745 2914 ⁴
850 2967 852 2972 ,

132 2993 183 3042 48.
218 2987 319 3041 Caesar
329 2987 441 3042 consilio
453 2987 513 3055 ejus
522 2985 647 3056 probato,
656 2983 710 3039 etsi
720 2982 846 3053 opinione
854 2983 940 3039 trium

90 3061 225 3128 legionum
244 3060 368 3128 dejectus
382 3061 419 3114 ed
434 3062 503 3116 duas
516 3062 645 3126 redierat,
658 3062 751 3113 tamen
765 3074 851 3116 unum
866 3075 940 3113 com·

88 3136 166 3185 lnuni
178 3134 258 3187 saluti
270 3135 400 3188 auxilium
410 3137 439 3188 iu
451 3136 593 3190 celeritate
603 3133 728 3204 ponebat
764 3134 851 3189 Venit
863 3151 940 3204 mag-
