2175 3409
82 108 128 154 120
238 109 273 155 C.'
285 106 384 155 JULII
402 105 577 153 cnusnuis
595 107 705 154 LIBER
722 108 771 157 VI.

80 186 145 252 lugu
164 184 403 252 circumspicerent
422 183 523 253 captiui
535 200 586 238 nee
597 185 679 253 plene
691 185 774 239 etiam
792 186 882 241 abisse
901 206 936 243 ex

78 263 226 329 conspeetu
238 259 444 326 contenderent,
457 261 491 313 ut
503 276 552 330 spe
563 257 746 328 consequendi
761 260 839 315 illata
852 266 936 333 atque

79 334 185 390 infinito
209 334 302 389 labore
326 339 460 403 suscepto,
485 336 533 404 qui
558 353 588 390 se
612 352 745 390 summam
763 337 800 390 ab
817 338 937 394 Caesare

78 413 195 481 gratiam
213 412 329 466 inituros
352 414 491 480 putarent,
514 429 602 482 poene
620 415 746 466 naturum
766 413 858 468 studio
878 416 936 468 vin·

79 492 180 556 cerent,
193 504 356 557 semperque
374 487 495 555 paullum
512 488 549 541 ad
564 504 698 542 summam
715 488 875 543 felicitatem
888 490 935 543 de-

77 565 161 619 fuisse
172 564 322 632 videretur,
334 566 419 631 etque
432 563 477 616 ille
490 562 604 619 latebris
620 580 652 617 nc
664 564 739 617 silvis
755 567 803 618 unt
819 565 935 619 saltibus

78 658 107 696 se
119 641 246 710 eriperet,
259 643 288 694 et
299 642 381 693 noctu
395 638 547 692 occultatus
559 639 626 693 olins
643 639 769 708 regiones
785 648 937 710 partesque

77 720 185 786 peteret
210 733 265 770 non
282 715 386 783 meiere
404 714 528 782 equitum
554 715 690 784 praesidio
708 732 790 784 quum
808 720 933 785 quatuor,

77 793 176 862 quibus
189 792 253 846 solis
264 792 349 846 ritum
361 806 440 844 suam
453 793 626 845 committere
638 790 765 844 audebat.

126 875 167 923 44.
204 868 261 922 'isli
273 867 354 921 modo
366 867 481 920 vastatis
494 866 651 934 regionibus
664 866 815 920 exercitum
829 867 934 921 Caesar

77 946 194 1000 duarum
210 944 361 999 cohortium
376 943 476 996 damno
493 942 709 996 Durocortorum
725 942 874 996 Remorum
889 960 932 997 re-

76 1022 161 1090 ducit,
173 1020 338 1089 concilioque
353 1019 381 1072 in
398 1034 461 1072 eum
477 1017 567 1073 locum
584 1017 689 1072 Galliae
707 1016 810 1071 indicto
822 1018 858 1072 dc
870 1035 932 1073 con-

72 1097 214 1166 juratione
238 1096 374 1151 Senonum
397 1098 426 1150 et
450 1094 603 1148 Carnutum
622 1094 809 1162 quaestionem
831 1093 933 1149 habero

76 1174 211 1240 instituit3
224 1172 302 1228 etde
316 1173 431 1236 Accone
445 1171 491 1239 qui
509 1170 636 1240 princeps
649 1168 710 1237 ejus
722 1170 826 1226 consilii
835 1170 931 1239 fuerat,

75 1251 201 1318 graviore
220 1248 356 1303 sententie
376 1246 562 1318 pronunciata,
578 1262 655 1300 muro
674 1245 809 1313 majorum
831 1247 931 1316 suppli-

76 1326 149 1380 cium
169 1325 292 1393 sumpsit.
329 1321 458 1375 Nonnulli
478 1320 613 1389 judicium
633 1320 714 1375 veriti
736 1322 931 1390 profugerunt3

76 1401 176 1470 quibus
189 1416 273 1468 quum
285 1401 451 1467 equitatque
463 1397 520 1465 igni
529 1397 725 1464 interdixisset,
734 1397 802 1451 dues
811 1397 931 1465 legiones

76 1477 113 1529 sd
124 1477 193 1529 fines
206 1475 388 1540 Trevirorum,
399 1471 467 1527 dues
478 1473 507 1527 in
520 1472 758 1541 Lingonibus-sex
769 1472 889 1541 reliques
901 1474 930 1528 in

76 1553 213 1606 Senonum
220 1549 321 1603 linibus
331 1548 466 1616 Agendiei
475 1549 502 1601 in
511 1549 633 1603 hibernis
642 1548 799 1614 collooevit3
810 1549 930 1604 frumen-

75 1630 160 1695 toque
171 1625 303 1680 exercitui
314 1623 430 1693 proviso,
442 1628 474 1678 ut
484 1624 645 1680 instituerat
656 1624 685 1678 in
698 1623 808 1688 Italiam
819 1624 856 1680 sd
867 1640 930 1681 eon·

75 1703 173 1757 ventus
184 1701 304 1770 agendos
315 1698 454 1768 profectus
467 1703 517 1756 est.
