2175 3409
80 161 111 209 42
338 158 367 206 C.
384 157 403 207 J
405 157 485 207 ULII
502 154 675 205 CAESARIS

77 239 145 293 nihii
154 237 325 308 impeditum,
331 235 411 291 victis
420 236 488 290 nihil
497 239 589 289 tutum
597 234 805 302 arbitrarentur,
813 233 933 294 omnium

78 315 126 383 qui
138 316 299 383 supererant
314 328 447 367 consensu
462 311 569 379 legatos
585 311 621 365 ad
639 311 783 364 Caesarem
799 310 933 363 miserunt

78 406 162 458 seque
179 390 204 442 11
221 388 397 454 dediderunt,
410 390 439 442 et
455 388 484 440 in
500 386 737 452 commemoranda
755 385 874 440 civitatis
891 402 933 439 oa

77 465 200 519 lumitate
221 482 255 519 11
277 464 413 519 sexcentis
434 463 471 517 ad
491 467 550 517 tres
572 466 720 530 senatores,
739 478 774 515 11
792 461 932 515 hominum

78 541 187 595 milibus
200 556 236 594 nx
247 541 292 594 vix
304 540 341 593 ad
353 555 370 592 n
385 540 431 609 qui
443 556 519 593 arma
529 539 604 592 ferre
613 540 725 608 possent
735 554 795 592 sese
804 537 932 591 redactos

77 633 138 671 esse
151 617 289 670 dixerunt.
325 617 400 682 Quos
413 616 520 683 Caesar,
533 615 606 669 utin
621 615 735 668 miseros
749 630 781 668 ac
796 613 932 683 supplices

76 708 143 745 usus
161 691 348 746 misericordia
367 691 514 758 videretur,
534 690 743 760 diligentissime
762 690 933 744 conservavit

78 768 189 836 suisque
204 767 303 821 finibus
318 771 403 835 atque
418 765 526 835 oppidis
540 766 583 820 uti
596 765 688 834 jussit,
701 770 730 820 et
746 766 868 834 finitimis
883 766 933 818 im-

77 844 185 912 peravit
195 847 229 897 ut
240 842 275 896 ab
286 842 388 911 injuria
400 846 429 897 et
440 842 572 896 maleficio
585 858 614 895 se
624 858 741 911 suosque
749 841 932 910 prohiberent,

129 925 172 974 29.
203 918 357 987 Aduatuci,
379 918 415 973 de
439 918 539 987 quibus
560 935 643 986 supra
664 920 827 988 scripsimus,
848 936 931 988 quum

78 995 203 1049 omnibus
215 995 299 1064 copiis
311 995 412 1048 auxilio
424 994 535 1048 Nerviis
549 996 683 1062 venirent,
696 996 747 1048 hac
760 1012 852 1063 pugna
866 1011 932 1047 nun-

77 1072 148 1126 tiata
172 1088 206 1125 11
230 1071 330 1125 itinere
354 1070 465 1123 domum
489 1074 677 1136 revertenmt3
701 1073 805 1126 cunctis
826 1071 932 1141 oppidis

77 1147 252 1215 castellisque
264 1146 382 1201 desertis
395 1162 444 1201 sua
453 1147 543 1201 omnia
552 1146 580 1198 in
589 1164 673 1200 unum
683 1147 814 1216 oppidum
823 1148 932 1216 egregie

78 1227 178 1277 natura
194 1222 331 1300 munitum
345 1223 525 1276 contulerunt.
563 1222 642 1288 Quod
658 1240 742 1292 quum
757 1240 792 1277 11
808 1222 932 1277 omnibus

78 1290 106 1351 ib
125 1298 241 1353 circuitu
254 1293 384 1368 partibus
403 1299 550 1353 altissimas
568 1316 650 1368 rupes
668 1299 868 1368 despectusque
886 1301 933 1353 ha-

77 1374 165 1440 beret,
174 1391 229 1428 una
240 1392 275 1429 11
286 1378 367 1444 parte
379 1375 479 1429 leniter
490 1375 602 1429 adclivis
614 1376 706 1429 aditus
717 1377 746 1428 in
757 1375 932 1431 latitudinem

78 1465 132 1502 non
152 1450 267 1518 amplius
286 1451 466 1504 ducentorum
485 1452 587 1519 pedum
605 1451 811 1520 relinquebatur
817 1473 824 1518 ;
850 1469 932 1521 quem

77 1524 165 1579 locum
189 1524 292 1593 duplici
316 1526 447 1580 altissimo
470 1544 548 1580 muro
572 1528 734 1595 munierant,
756 1531 816 1582 tum
839 1526 932 1596 magni

77 1601 207 1671 ponderis
219 1618 285 1655 saxa
299 1605 328 1655 11
342 1606 502 1670 praeacutas
517 1603 611 1657 trabes
625 1604 653 1657 in
666 1620 744 1657 muro
759 1605 930 1659 collocarunt.

80 1676 138 1744 Ipsi
152 1679 231 1730 erant
247 1693 282 1730 11
299 1676 417 1731 Cimbris
432 1677 618 1747 Teutonisque
633 1681 768 1748 prognati,
781 1681 834 1750 qui,
847 1698 932 1750 quum

78 1751 132 1805 iter
150 1752 178 1804 in
197 1753 363 1821 provinciam
381 1757 503 1807 nostram
522 1759 606 1823 atque
626 1754 736 1809 Italiam
754 1757 884 1824 facerent,
897 1756 932 1810 iis

78 1827 287 1896 impedimentis,
298 1845 369 1897 quae
378 1846 469 1892 secum
478 1847 560 1897 agere
570 1846 602 1883 ac
611 1834 722 1900 portare
731 1848 785 1885 non
796 1836 931 1901 poterant,

79 1901 148 1957 citra
167 1903 268 1957 flumen
290 1903 417 1958 Rhenum
438 1905 570 1974 depositis
594 1906 746 1960 custodiam
768 1924 803 1961 ex
824 1908 880 1961 suis
901 1925 932 1961 11

79 1978 217 2049 praesidio
229 1997 278 2034 111
289 1980 365 2034 milia
377 1981 517 2034 hominum
531 1999 586 2035 una
601 1983 778 2051 reliquenmt.
816 1983 855 2036 Hi
869 1987 932 2052 post

79 2072 173 2109 eorum
188 2055 292 2110 obitum
308 2057 408 2111 multos
427 2072 511 2110 annos
525 2074 542 2110 a
557 2058 680 2111 finitimis
695 2059 835 2138 exagitati,
848 2076 933 2128 quum

78 2130 256 2185 aliasbellum
265 2132 406 2199 inferrent,
415 2132 481 2185 alias
489 2133 597 2187 illatum
605 2132 792 2201 defenderent,
801 2151 932 2188 consensu

79 2222 173 2260 eorum
196 2207 317 2261 omnium
340 2223 407 2277 paco
430 2207 503 2262 facta
523 2209 595 2263 hunc
616 2209 668 2262 sibi
688 2209 823 2263 domicilio
843 2210 932 2264 locum

80 2281 248 2350 delegerunt.

94 2403 97 2410 ,
131 2364 173 2413 30.
208 2362 251 2415 Α1
267 2361 355 2429 primo
371 2360 492 2415 adventu
507 2362 645 2416 exercitus
663 2361 751 2415 nostri
769 2362 878 2416 crebras
897 2378 932 2416 ex

79 2435 179 2504 oppido
200 2437 374 2491 excursiones
393 2437 530 2491 faciebant
548 2437 723 2507 parvulisque
741 2437 852 2507 proeliis
870 2453 933 2490 cum

78 2511 179 2565 nostris
191 2511 407 2567 contendebant:
421 2516 518 2581 postea
529 2513 600 2566 vallo
611 2512 713 2581 pedum
725 2528 768 2566 x11
779 2511 807 2566 in
819 2512 933 2567 circuitu

79 2601 117 2640 xv
129 2586 234 2640 milium
246 2587 403 2657 crebrisque
415 2588 532 2642 castellis
544 2588 745 2642 circummuniti
756 2588 857 2657 oppido
872 2605 932 2643 sese

79 2662 263 2717 continebant
299 2663 355 2717 Ubi
370 2663 457 2718 vineis
472 2664 541 2718 actis
558 2680 659 2732 aggere
675 2667 816 2718 exstructo
833 2664 933 2718 turrim

78 2737 708 2808 1111111111111111111111111111111111111111111111
718 2743 933 2808 exmuroatque

78 2812 243 2880 increpitare
249 2813 368 2882 vocibus,
375 2814 449 2883 quod
456 2818 534 2869 tanta
540 2815 705 2869 machinatio
714 2814 748 2867 ab
757 2817 835 2868 tanto
844 2816 933 2882 spatio

79 2886 270 2955 instrueretur,
276 2889 444 2954 Quibusnam
451 2890 576 2944 manibus
584 2894 632 2944 aut
640 2890 738 2960 quibus
745 2889 849 2943 viribus
856 2906 933 2959 prae

80 2961 176 3013 sertim
191 2961 315 3017 homines
331 2965 456 3019 tantulae
473 2969 597 3020 staturae
611 2969 682 3032 (nam
698 2966 859 3034 plerumque
876 2981 932 3019 om-

79 3033 159 3087 nibus
172 3035 258 3090 Gallis
269 3054 335 3106 prae
344 3040 531 3107 magnitudine
540 3058 684 3110 corporum
692 3057 803 3094 suorum
811 3041 932 3094 brevitas

80 3111 174 3161 nostra
185 3114 353 3181 contemptui
366 3119 418 3181 est)
431 3116 503 3169 tanti
518 3117 608 3170 oneris
624 3118 724 3171 turrim
737 3117 765 3170 in
779 3132 857 3172 muro
872 3133 933 3173 sese

81 3181 211 3237 collocare
223 3187 408 3244 confiderent?
