2175 3409
508 153 619 202 LIBER
637 153 674 201 11.
987 158 1017 205 41

5 254 22 270 ·
128 289 132 294 .
165 236 303 307 speillata
313 234 493 290 militibusac
506 233 698 301 redintegrato
712 233 809 303 animo,
822 249 906 303 quum
922 250 973 303 pro
989 252 1019 289 se

165 315 280 381 quisque
291 312 321 365 in
332 314 480 380 conspectu
491 309 665 379 imperatoris
677 310 762 364 etiam
773 310 802 364 in
815 312 947 364 extremis
963 312 1020 364 suis

89 437 95 450 ,
164 388 247 443 rebus
259 404 370 456 operam
387 403 487 443 navare
501 389 623 456 cuperet,
635 386 747 455 paulum
763 387 884 442 hostium
899 388 1020 456 impetus

164 464 292 520 tardatus
304 467 354 518 est.

216 548 256 595 26.
294 541 395 595 Caesar
415 557 501 608 quum
522 539 668 607 septimam
687 538 828 607 legionem,
850 556 921 608 quae
935 539 1020 608 juxta

164 617 334 684 constiterat,
345 617 414 671 item
425 616 518 683 urgeri
530 612 566 668 ab
578 614 658 669 hoste
672 614 795 684 vidisset,
807 615 933 670 tribunos
949 617 1020 669 mili-

164 697 224 748 tum
241 694 346 747 monuit
361 697 394 747 ιιι
407 692 539 759 paulatim
556 707 616 744 sese
634 690 756 759 legiones
766 691 972 760 'conjungerent
990 696 1020 747 et

164 788 294 826 converse
314 770 391 838 signa
412 769 440 822 in
461 768 556 822 hostes
576 767 717 822 inferrent.
754 767 814 832 Quo
834 768 914 835 facto,
934 787 1020 839 quum

164 848 232 902 alius
249 847 294 900 alii
310 845 462 900 subsidium
477 845 572 911 ferret,
584 860 672 911 neque
688 844 819 899 timerent
834 861 870 899 nc
882 847 972 900 aversi
984 846 1020 899 ab

163 923 244 977 hoste
268 921 537 989 circumvenirentur,
560 918 690 974 audacius
714 921 843 974 resistere
866 938 898 975 ac
922 922 1020 976 fortius

163 1016 287 1069 pugnare
302 1001 456 1066 coeperunt.
493 996 609 1050 Interim
625 996 727 1050 milites
742 996 880 1064 legionum
896 997 1028 1070 duorum,

164 1077 269 1146 quaein
276 1075 421 1129 novissimo
428 1072 537 1142 agmine
545 1073 684 1142 praesidio
691 1073 895 1142 impedimentis
902 1074 1019 1142 merant,

163 1150 398 1222 proelionuntiato
407 1165 488 1204 cursu
497 1149 611 1203 incitato
619 1150 649 1202 in
658 1165 764 1203 summo
773 1149 842 1203 colle
850 1150 885 1204 ab
893 1151 1020 1205 hostibus
1052 1216 1057 1224 .

163 1227 414 1298 conspiciebantur;
432 1229 461 1280 et
474 1225 503 1278 Τ.
518 1226 656 1280 Labienus
667 1226 765 1280 castris
779 1226 900 1281 hostium
914 1227 1020 1296 potitus

164 1309 194 1360 et
205 1323 240 1359 ex
252 1306 309 1359 loco
319 1303 459 1373 superiore
468 1319 539 1372 quae
548 1303 632 1356 resin
641 1302 742 1357 nostris
751 1303 847 1357 castris
855 1306 1020 1370 gererentur

163 1383 335 1450 conspicatus
356 1380 491 1434 decimam
512 1378 647 1447 legionem
670 1379 794 1433 subsidio
814 1380 916 1434 nostris
934 1380 1019 1434 misit.

165 1458 217 1523 Qui
229 1475 313 1527 quum
325 1474 361 1511 ex
373 1455 497 1525 equitum
511 1459 540 1510 et
557 1456 681 1509 calonum
698 1456 771 1525 fuga,
783 1472 838 1525 quo
853 1456 882 1509 in
898 1456 957 1510 loco
973 1473 1019 1510 res

163 1538 244 1598 essct,
258 1535 415 1602 ‹luantoque
427 1531 455 1585 in
467 1531 588 1599 periculo
599 1535 629 1586 et
641 1535 732 1586 castra
743 1535 773 1586 et
787 1532 908 1600 legiones
924 1536 954 1586 et
969 1533 1019 1585 im-

163 1615 274 1678 perator
295 1612 452 1662 versaretur
478 1608 676 1676 cognovissent,
694 1607 763 1661 nihil
787 1607 824 1662 ad
847 1608 1018 1680 celeritatem

164 1685 215 1739 sibi
228 1674 470 1753 reliquilfecerunt.

215 1766 258 1818 27.
295 1761 403 1814 llorum
424 1757 545 1812 adventu
566 1760 645 1812 tanta
665 1774 758 1813 rerum
777 1759 955 1815 commutatio
974 1762 1019 1814 est

163 1838 235 1891 facta
249 1840 281 1891 ut
294 1836 382 1890 nostri
396 1834 480 1889 etiam
495 1834 543 1902 qui
557 1834 715 1889 vulneribus
728 1835 844 1890 confecti
859 1835 1018 1905 procubuis

163 1916 233 1981 sent,
246 1913 330 1968 scutis
344 1911 429 1966 innixi
444 1910 578 1980 proelium
592 1910 824 1980 redintegrarent,
836 1916 896 1967 tum
910 1913 1019 1966 calones

162 1989 325 2059 perterritos
335 1989 428 2042 hostes
445 1986 593 2055 conspicati
609 1986 693 2041 etiam
709 1987 828 2042 inermes
844 1988 957 2042 armatis
974 2004 1019 2042 oc-

162 2063 313 2132 currerent,
328 2065 436 2134 equites
454 2078 527 2127 vero,
541 2065 574 2115 ut
593 2062 794 2131 turpitudinem
812 2064 895 2131 fugae
915 2065 1019 2119 virtuto

163 2141 295 2210 dolerent,
304 2141 428 2194 omnibns
440 2139 467 2192 in
479 2138 547 2191 locis
556 2154 666 2206 pugnae
679 2155 709 2192 se
721 2139 877 2206 legionariis
884 2140 1019 2194 militibus

162 2218 343 2286 praeferrent.
379 2220 420 2270 nt
440 2214 534 2269 hostes
556 2215 639 2268 etiam
660 2215 689 2267 in
711 2220 835 2270 extrema
854 2234 902 2286 spe
922 2216 1018 2271 salutis

163 2298 268 2349 tautam
289 2295 420 2349 virtutem
439 2291 640 2363 praestiterunt
660 2296 699 2360 ut,
719 2309 804 2362 quum
823 2293 904 2362 primi
923 2309 1018 2347 eorum

162 2370 331 2437 cecidissent,
339 2370 455 2440 proximi
462 2368 619 2436 jacentibus
626 2368 784 2423 insisterent
791 2373 874 2437 atque
881 2372 915 2423 ex
924 2385 1017 2423 corum

162 2447 321 2515 corporibus
333 2450 501 2516 pugnarent;
518 2445 563 2500 his
580 2445 696 2514 dejectis
712 2449 741 2501 et
757 2445 922 2500 coacervatis
938 2445 1018 2498 cada-

161 2522 280 2588 veribus,
295 2524 342 2592 qui
361 2525 537 2591 superessent
556 2526 588 2577 ut
607 2540 641 2576 ex
661 2523 767 2577 tumulo
787 2523 844 2577 tela
862 2523 890 2575 in
909 2525 1018 2576 nostros

161 2599 329 2666 conjicerent
348 2602 377 2655 et
395 2600 451 2670 pila
470 2599 623 2670 intercepta
642 2602 830 2656 remitterent:
846 2604 880 2655 ut
897 2616 951 2653 uon
970 2615 1017 2653 ne-

161 2674 312 2745 quidquam
324 2679 418 2731 tantae
431 2676 540 2730 vimutis
551 2676 674 2732 homines
681 2678 802 2748 judicari
812 2678 928 2732 deberet
937 2692 1017 2730 ausos

161 2766 221 2804 esse
244 2752 362 2806 transire
384 2752 548 2807 latissimum
572 2754 680 2821 flumen,
702 2754 849 2809 ascendere
870 2753 1017 2808 altissimas

160 2826 242 2895 ripas
255 2827 348 2882 subire
366 2830 566 2898 iniquissimum
585 2830 689 2896 locum3
707 2847 777 2899 quae
792 2829 882 2884 facilia
898 2846 932 2882 cx
948 2828 1016 2881 diffi-

160 2902 267 2957 cillimis
279 2905 361 2959 animi
373 2905 534 2975 magnitudo
546 2905 700 2973 redegerat.

213 2985 254 3034 28.
291 2980 353 3034 Hoc
372 2982 476 3050 proelio
496 2982 570 3035 iacto
591 2984 620 3034 et
640 2997 725 3049 prope
745 2980 782 3033 ad
801 2979 1014 3032 internecionem

159 3059 244 3123 gente
256 3073 288 3110 ac
299 3059 407 3112 nomine
420 3057 584 3112 Nerviorum
599 3057 711 3111 redacto
726 3055 845 3123 majores
858 3058 932 3119 natu,
946 3068 1014 3122 quos

159 3147 215 3184 una
230 3148 291 3186 cum
308 3134 400 3202 pueris
415 3132 630 3201 mulieribusque
648 3134 677 3186 in
696 3132 831 3186 aestuaria
850 3146 881 3183 ac
899 3126 1014 3197 paludes

147 3208 289 3262 ¹collectos
299 3210 462 3273 dixeramus,
471 3209 522 3263 hac
531 3225 622 3275 pugna
630 3209 762 3274 nuntiata,
772 3222 856 3274 quum
865 3200 1014 3258 victoribus
