2175 3409
91 84 123 133 86
350 82 379 128 Ο.
397 80 499 129 JULII
515 79 688 129 CAESARIS

89 178 168 251 muro
186 159 273 231 passis
289 158 414 215 manibus
429 159 572 215 suo'more
587 176 684 231 pacem
700 161 736 216 ab
753 164 883 217 Borrama
899 180 946 232 pe-

89 240 201 366 norff
224 311 278 365 Pro
298 308 342 364 his
362 309 521 380 Divitiaeus,
542 328 606 367 nam
626 317 691 381 post
714 314 862 383 discessum
884 316 947 371 Bel-

89 405 187 457 garum
211 386 330 441 dimissis
354 386 516 441 Aeduorum
540 389 624 458 copiis
645 388 681 443 ad
697 406 764 449 ,eum
786 396 946 461 reverterat,

90 464 156 518 facit
179 462 276 518 verba:
304 462 461 517 Bellovacos
485 464 559 517 omni
582 468 708 533 tempore
731 466 761 519 in
784 466 839 520 fide
862 472 947 537 atque

91 540 210 594 amicitia
226 539 346 594 civitatis
358 538 475 593 Aeduae
491 540 589 594 fusse:
608 540 738 609 impulsos
753 541 788 595 ab
803 543 859 597 suis
873 545 947 613 prin·

92 615 196 684 cipibus
216 616 263 683 qui
283 614 405 669 dicerent
428 616 541 669 Aeduos
564 632 581 669 a
603 616 719 671 Caesare
739 617 767 671 in
786 620 947 681 seruitutem

91 693 219 746 redactos
230 708 323 745 omnes
335 691 514 759 indignitates
528 693 763 763 contumeliasque
775 696 904 763 perferre,
917 700 947 751 et

91 767 127 821 ab
141 766 246 821 Aeduis
259 767 391 821 defecisse
404 772 433 822 et
445 768 544 837 populo
558 768 680 822 Romano
697 769 800 823 bellum
814 771 946 828 intulisse.

93 842 145 909 Qui
166 842 347 911 ejuseonsilii
369 843 504 913 principes
524 844 648 911 fuissent,
667 844 742 913 quod
762 845 947 914 intelligerent

93 924 223 989 quantam
235 920 417 992 calamitatem
434 920 538 974 civitati
553 920 719 988 intulissent,
731 920 759 974 in
776 921 947 977 Britanniam

92 996 251 1064 profugisse.
288 995 388 1049 Petere
400 1012 453 1048 non
466 995 553 1049 solum
567 996 726 1051 Bellovacos
736 997 785 1050 sed
799 998 882 1051 etiam
896 1015 947 1068 pro

91 1070 135 1125 his
156 1071 268 1125 Aeduos
288 1074 321 1125 ut
341 1087 390 1124 sna
410 1071 554 1125 clementia
575 1087 606 1125 ac
625 1072 833 1127 mansuetudine
852 1074 879 1127 in
900 1090 947 1127 eos

92 1150 194 1202 utatur.
231 1146 310 1211 Quod
327 1146 350 1199 si
366 1146 469 1213 fecerit,
486 1146 648 1201 Aeduorum
667 1150 858 1203 auctoritatem
873 1150 948 1218 apud

92 1238 186 1278 omnes
207 1222 307 1290 Belgas
327 1222 570 1291 amplificaturum3
595 1239 712 1292 quorum
732 1224 840 1276 auxiliis
863 1229 947 1294 atque

92 1298 197 1368 opibus,
209 1298 232 1352 si
245 1314 298 1367 qua
310 1297 381 1351 bella
393 1297 546 1365 inciderint,
559 1286 722 1353 sustentare?
727 1299 892 1354 consuerint.

151 1380 190 1429 15.
228 1375 328 1428 Caesar
339 1373 450 1427 honoris
463 1373 593 1428 Divitiaci
604 1377 688 1442 atque
699 1373 859 1427 Aeduorum
867 1391 949 1430 causa

93 1466 153 1504 sese
170 1466 217 1504 ecs
233 1451 261 1503 in
278 1449 361 1503 fidem
380 1453 556 1519 recepturum
572 1452 601 1504 et
620 1453 842 1503 conservaturum
861 1450 948 1517 dixit;

93 1524 240 1594 quoderat
254 1525 348 1579 civitas
362 1541 462 1593 magna
477 1526 550 1579 inter
567 1524 669 1593 Belgas
685 1525 848 1578 auctoritate
863 1529 948 1595 atque

92 1600 426 1656 bominum‘multitudine
447 1600 614 1669 praestabat,
634 1615 669 1653 uo
689 1599 799 1653 obsides
817 1602 948 1670 poposcit.
973 1617 977 1622 ¹

94 1677 148 1730 His
159 1675 269 1730 traditis
281 1676 459 1745 omnibusque
470 1676 553 1730 armis
568 1693 602 1731 ex
618 1675 720 1745 oppido
737 1675 843 1731 collatis
861 1676 897 1730 ab
914 1694 947 1732 eo

93 1751 151 1806 loco
162 1753 191 1805 in
203 1752 271 1806 fines
285 1752 483 1806 Ambianorum
494 1752 628 1821 pervenit,
638 1752 686 1821 qui
698 1767 728 1805 se
740 1767 844 1820 suaque
857 1752 948 1807 omnia

93 1827 152 1882 sine
163 1844 240 1881 mora
251 1827 424 1882 dediderunt.
456 1828 559 1881 Elorum
571 1828 639 1881 fines
653 1826 747 1881 Nervii
759 1827 948 1895 attingebant3

57 1950 60 1957 .
94 1920 209 1972 quorum
222 1902 367 1958 denatura
382 1902 558 1972 moribusque
576 1903 678 1957 Caesar
695 1919 779 1971 quum
795 1906 947 1971 quaereret,

95 1980 132 2033 sic
141 1979 309 2049 reperiebat:
325 1978 438 2033 Nullum
446 1978 553 2032 aditum
564 1994 623 2032 esse
633 1977 669 2031 ad
679 1994 726 2031 eos
737 1978 948 2033 mercatoribus:

94 2055 162 2110 nihil
174 2056 231 2125 pati
244 2056 299 2110 vini
314 2056 537 2124 reliquarumque
552 2071 645 2107 rernm
661 2053 697 2107 ad
712 2053 848 2107 luxuriam
863 2054 948 2123 pcrti-

94 2132 217 2186 nentium
237 2130 341 2197 inferri,
361 2130 435 2200 quod
456 2131 490 2184 iis
510 2130 594 2185 rebus
614 2130 821 2197 relanguescere
845 2130 949 2184 animos

95 2225 189 2261 eorum
205 2211 234 2261 et
253 2207 358 2261 remitti
376 2208 507 2262 virtutem
527 2206 730 2260 existimarent:
748 2221 808 2259 esse
825 2206 949 2259 homines

94 2284 167 2339 feros
190 2300 358 2353 magnaeque
381 2284 504 2338 virtutis:
529 2282 695 2351 increpitare
718 2284 802 2349 atque
825 2281 950 2336 incusare

94 2360 215 2432 reliquos
232 2360 331 2427 Belgas
347 2358 394 2427 qui
412 2376 442 2413 se
460 2358 559 2427 populo
579 2358 702 2411 Romano
718 2356 889 2432 dedidissent
904 2373 950 2426 pa·

95 2437 231 2506 triamque
246 2437 377 2491 virtutem
392 2434 587 2504 projecissent:
605 2433 766 2487 confirmare
782 2448 842 2485 sese
858 2448 950 2500 neque

95 2513 200 2580 legatos
216 2512 344 2565 missuros
360 2521 450 2581 neque
466 2510 550 2565 ullam
566 2508 749 2564 conditionem
765 2507 840 2576 pacis
855 2525 949 2577 accep

95 2591 179 2641 turos.

150 2668 189 2717 16.
226 2662 316 2727 Quum
327 2677 377 2728 per
388 2677 482 2715 eorum
494 2659 563 2714 fines
575 2658 698 2713 triduum
710 2659 766 2714 iter
779 2660 897 2727 fecisset,
910 2658 950 2713 in-

96 2736 222 2792 veniebat
238 2753 273 2790 ex
286 2736 401 2805 captivis
421 2736 513 2790 Sabim
532 2736 633 2789 flumen
653 2734 689 2789 ab
708 2735 804 2789 castris
822 2735 878 2789 suis
895 2750 951 2788 non

96 2813 211 2881 amplius
222 2812 296 2865 milia
307 2829 437 2881 passumn
448 2827 468 2865 x
479 2811 589 2867 abesse:
614 2816 691 2865 trans
702 2810 732 2864 id
743 2810 845 2864 flumen
857 2825 951 2864 omnes

97 2887 123 2939 N
125 2889 212 2942 ervios
221 2888 375 2942 consedisse
383 2888 588 2958 adventumque
596 2888 636 2941 ibi
646 2887 830 2941 Romanorum
839 2901 951 2955 exspee

97 2966 157 3016 tare
169 2979 223 3017 una
235 2980 297 3017 cum
307 2963 487 3018 Atrebatibus
499 2967 528 3018 et
540 2962 740 3017 Veromanduis
752 2962 875 3015 finitimis
887 2960 950 3027 suis,

98 3054 161 3090 nam
172 3038 215 3090 his
227 3039 350 3107 utrisque
361 3041 553 3107 persuaserant
561 3039 604 3095 nti
613 3038 729 3092 eandem
737 3037 804 3091 belli
814 3038 951 3091 fortunam

99 3113 302 3180 experirentur:
320 3114 472 3183 exspectari
484 3114 569 3169 etiam
580 3114 616 3168 ab
627 3114 669 3168 his
683 3112 891 3168 Aduatucorum
907 3129 951 3169 co·
