2175 3409
115 121 160 166 let
382 113 410 160 Ο.
428 110 533 160 JULII
550 111 724 160 CAESARIS

111 193 203 262 jungit
215 208 285 261 cquo
302 191 443 258 Quadrati,
456 191 605 260 lanceaque
622 192 723 246 infesta
738 192 859 246 medium
877 192 968 248 femur

113 269 173 338 ejus
185 269 291 337 nragnis
303 269 407 322 viribus
418 267 561 335 transjicit
598 268 742 323 Praefecto
755 269 898 322 vulnerato
912 285 968 323 non

112 346 240 400 dubitant
264 344 350 398 nostri
373 345 502 399 resistere
526 348 556 399 ct
579 345 702 399 conversi
724 344 833 398 hostem
856 344 969 413 pellere.

113 421 192 487 Quod
204 420 250 475 ubi
268 420 374 487 accidit,
392 421 545 489 complures
560 420 680 475 hostium
695 436 794 489 magno
810 424 968 474 nostrorum

111 499 217 567 impetu
228 497 346 565 perculsi
359 497 536 550 vulnerantur
549 501 578 551 et
590 497 692 565 partim
704 498 732 551 in
744 497 810 565 iuga
822 501 969 565 proterun-

111 576 165 638 tur,
177 572 278 642 purtim
294 572 519 640 intercipiuntur3
538 574 612 642 quod
630 572 701 643 [ubi]
717 572 819 627 malum
833 573 890 625 dux
902 572 968 640 equi

111 648 256 702 vclocitate
276 648 406 713 evitavit;
429 649 551 717 graviter
572 649 731 703 vulneratus
754 648 912 719 praefectus
934 651 969 703 ut

111 724 184 778 vitae
204 722 354 791 periculum
373 723 498 788 aditunis
517 725 661 780 videretur
679 725 799 780 refertur
819 724 847 777 in
868 727 968 777 castra.

112 798 260 854 Commius·
274 803 367 854 autem
391 801 448 854 sive
464 801 575 869 expiato
595 816 644 854 suo
668 801 762 855 dolore
785 800 843 854 sive
866 815 968 867 magna

111 877 191 942 parte
206 874 305 929 amissa
317 885 427 930 snorum
439 877 545 945 legatos
556 875 594 930 ad
606 876 758 930 Antonium
772 875 868 942 mittit,
881 891 968 944 seque

112 955 141 1004 et
156 950 195 1004 ibi
212 950 335 1004 futurum
351 952 397 1006 ubi
415 951 624 1022 praescripserit
642 955 673 1006 et
688 968 721 1007 ea
739 951 876 1005 facturum
893 968 967 1021 quae

111 1027 288 1096 imperarent
301 1027 443 1081 obsidibus
461 1027 557 1098 [datis]
572 1028 672 1083 firmat.
707 1027 801 1081 Unum
818 1025 886 1080 illud
903 1030 968 1082 orat

112 1107 144 1156 ut
152 1103 242 1157 timori
255 1104 486 1159 saoconcedatur
496 1121 532 1159 ne
543 1104 572 1157 in
584 1106 761 1172 conspectum
773 1104 864 1164 veniat
875 1101 968 1171 cujus-

113 1195 195 1247 quam
218 1179 340 1233 Romani.
378 1179 466 1243 Quam
490 1179 703 1250 postulationem
725 1179 861 1232 Antonius
880 1194 967 1245 quum

107 1254 248 1322 judicaret
262 1255 298 1308 ab
312 1255 392 1324 justo
408 1256 483 1309 nasci
506 1255 613 1323 timore,
631 1255 737 1309 veniam
755 1253 861 1324 petenti
879 1253 967 1327 dedit,

111 1329 220 1384 obsides
232 1332 345 1401 accepit.

163 1448 223 1503 Scio
247 1449 394 1504 Caesarem
413 1449 584 1518 singulorum
602 1467 734 1505 annorum
756 1450 875 1518 singulos
894 1467 968 1506 com-

111 1524 259 1578 mentarios
272 1525 433 1580 coniecisse:
446 1526 521 1593 quod
533 1544 585 1595 ego
596 1544 651 1581 non
663 1527 815 1582 existimavi
826 1526 893 1580 mihi
905 1543 968 1582 esse

111 1599 272 1665 faciendum,
292 1603 441 1669 propterea
458 1603 533 1670 quod
552 1604 698 1671 insequens
717 1619 803 1656 annus
821 1601 851 1655 11.
871 1602 968 1657 Paullo

113 1674 141 1729 C.
154 1674 284 1728 lllarccllo
297 1675 370 1729 (loss.
383 1675 470 1730 nullas
482 1693 527 1731 res
544 1679 650 1734 Galliae
664 1678 748 1733 habet
766 1694 865 1746 magno
881 1695 968 1747 opere

111 1755 210 1819 gestas.
246 1749 272 1802 N
275 1766 291 1803 c
303 1751 364 1820 quis
376 1754 467 1805 tamen
480 1753 622 1822 ignoraret
634 1754 733 1825 quibus
744 1754 773 1808 in
785 1754 851 1807 locis
864 1754 969 1809 Caesar

112 1826 303 1896 exercitusque
314 1843 347 1881 eo
364 1830 488 1896 tempore
502 1831 627 1900 fuissent,
642 1847 729 1901 pauca
745 1829 889 1884 scribenda
903 1847 968 1886 con·

107 1901 304 1972 jungendaque
316 1903 379 1957 hnic
393 1909 589 1963 commentario
601 1907 694 1963 statui.

163 2103 204 2153 49.
240 2098 340 2153 Cacsar
358 2098 387 2152 in
405 2098 502 2166 Belgio
524 2115 609 2167 quum
629 2098 772 2168 hiemaret,
790 2114 875 2152 unum
896 2096 967 2152 illud

111 2174 279 2243 propositum
292 2174 412 2228 habebat
424 2174 567 2228 continere
578 2174 606 2227 in
617 2175 739 2229 amicitia
754 2175 886 2242 civitates,
897 2173 967 2227 nulli

111 2266 188 2319 spem
207 2256 255 2304 aut
273 2267 397 2306 caussam
420 2251 488 2305 dare
512 2267 665 2317 armorum3
688 2251 756 2304 nihil
780 2251 852 2305 enim
874 2249 967 2303 minus

110 2326 221 2380 volebat
233 2344 315 2396 quam
328 2327 380 2381 sub
392 2327 534 2381 decessum
548 2343 627 2380 suum
639 2327 830 2382 necessitatem
848 2325 900 2380 sibi
916 2325 967 2379 ali-

48 2440 50 2444 *
110 2418 192 2468 quam
211 2403 312 2472 imponi
331 2403 396 2457 belli
414 2402 538 2471 gerendi,
556 2420 688 2472 aequum
701 2401 968 2458 exercitumdeduc-

48 2527 50 2532 .
111 2480 189 2530 turus
213 2483 286 2532 esset
304 2478 406 2532 bellum
424 2478 536 2547 aliquod
554 2478 765 2546 relinqueretur,
783 2477 858 2546 quod
877 2477 968 2532 omnis

111 2552 200 2606 Gallia
211 2553 330 2607 libenter
347 2553 406 2607 sine
422 2554 562 2622 praesenti
579 2555 700 2623 periculo
713 2555 871 2623 susciperet.
907 2553 968 2608 Ita·

111 2645 165 2697 quc
186 2630 333 2684 honorilice
351 2630 477 2684 civitates
495 2630 665 2699 appellando,
683 2632 821 2701 principes
838 2629 968 2683 maximis

110 2706 239 2774 praemiis
251 2706 401 2775 afficiendo,
413 2706 489 2760 nulla
501 2723 585 2760 onera
601 2723 671 2761 nova
687 2705 861 2777 imponendo,
876 2704 968 2760 defes-

111 2797 169 2834 sam
187 2786 230 2835 tot
248 2782 371 2837 adversis
396 2783 506 2853 procliis
530 2783 647 2837 Galliam
671 2782 827 2868 conditione
849 2781 968 2850 parendi

110 2857 222 2909 meliore
234 2858 332 2911 facile
325 2876 352 2912 m
364 2876 432 2929 pace
442 2859 584 2913 continuit

161 2936 202 2982 50.
240 2931 305 2998 Ipso
317 2934 439 2986 hibernis
451 2934 570 3001 peractis
581 2937 678 2988 contra
694 2931 945 2989 consuetudinem
936 2951 968 2989 ru

111 3000 219 3052 Italiam
233 3019 314 3068 quam
327 3007 452 3060 maximis
463 3007 611 3062 itineribus
621 3012 666 3062 est
677 3010 824 3078 profectus,
834 3012 867 3062 ut
878 3011 968 3065 muni-

111 3072 181 3136 cipia
192 3080 222 3125 ct
233 3077 352 3132 colonias
364 3081 524 3150 appellaret,
537 3082 639 3149 quibus
655 3084 693 3137 Μ
707 3086 822 3139 Antonii
839 3090 969 3152 quaesto-

110 3142 148 3194 ris
164 3145 205 3194 sui
222 3153 426 3207 commendaret
442 3156 592 3211 sacerdotii
606 3158 775 3226 petitionem
812 3160 969 3215 Contende·
