2175 3409
87 100 121 159 π
342 101 370 150 c.
388 101 490 158 ausu
506 102 677 154 caussam

84 193 143 251 qua
153 182 287 252 optimum
298 197 358 246 esse
370 197 509 251 egressum
527 184 667 253 superiore
682 187 788 242 aestate
807 203 938 258 cognore-

86 262 139 314 rat.
176 258 236 323 Qua
246 258 275 311 in
286 273 317 313 re
329 257 477 311 admodum
488 258 542 313 fuit
557 260 673 314 militum
687 262 776 317 virtus
790 263 936 332 laudanda,

88 334 136 402 qui
147 334 276 388 vectoriis
286 334 468 402 gravibusque
484 336 598 403 navigiis
612 354 666 391 non
684 337 838 393 intermisso
857 342 937 394 remi·

142 409 171 462 di
194 409 288 464 labore
310 411 451 478 longarum
475 411 583 465 narium
607 429 716 466 cursum
739 414 935 484 adaequanmt.

66 427 238 574 &bessum
249 489 293 539 est
304 487 340 539 ad
352 487 519 540 Britanniam
532 489 657 542 omnibus
664 490 778 544 navibus
787 491 936 547 meridiano

87 562 145 616 fere
157 565 281 630 tempore
289 583 296 628 ;
314 578 402 628 neque
414 563 441 616 iu
453 579 486 617 eo
503 561 562 617 loco
577 564 662 619 hostis
680 570 724 620 cst
739 567 820 633 visus,
834 567 891 634 sed,
904 571 936 621 ut

87 641 183 706 postea
193 638 293 693 Caesar
302 655 336 691 ex
345 638 459 707 captivis
473 640 606 707 coguovit,
616 658 699 710 quum
713 658 828 711 magnae
840 659 936 696 manus

87 730 120 767 eo
143 715 337 781 convenissent,
356 714 533 768 multitudiue
551 717 659 770 uarium
677 719 847 786 perterritae,
866 734 937 785 quae

87 806 148 844 cum
168 790 303 845 annotinis
323 791 497 860 privatisque,
518 808 586 861 quas
607 793 648 845 sui
669 794 783 862 quisque
803 793 937 847 commodi
988 819 994 830 “

86 867 196 936 iecerat,
209 866 324 934 amplius
336 867 508 935 octingentae
522 884 575 921 uno
587 872 666 922 orant
682 869 755 922 visae
773 874 903 938 tempore,
918 885 937 922 a

86 940 167 995 litore
179 941 361 996 discesserant
373 958 405 996 ac
416 959 446 996 se
457 943 485 995 in
497 944 636 1011 superiora
647 944 706 998 loca
718 944 889 999 abdiderant.
928 953 931 958 ⁴

139 1023 163 1071 9.
198 1016 299 1071 Caesar
315 1018 438 1085 exposito
455 1020 578 1072 exercitu
597 1023 626 1073 et
645 1020 703 1073 loco
722 1021 819 1074 castris
837 1020 936 1074 idoneo

86 1095 174 1162 capto,
196 1093 243 1147 ubi
266 1110 301 1147 ex
322 1093 436 1161 captivis
459 1095 585 1162 coguovit
608 1113 661 1164 quo
683 1097 711 1149 iu
734 1096 793 1149 loco
816 1095 936 1150 hostium

86 1169 180 1238 copiae
201 1170 396 1238 consedissent,
414 1169 570 1224 cohortibus
593 1187 612 1224 x
632 1171 669 1224 ad
686 1188 762 1225 mare
782 1171 884 1225 relictis
906 1174 936 1224 et

87 1244 224 1314 equitibus
247 1258 295 1299 cco
318 1245 364 1314 qui
387 1245 524 1313 praesidio
542 1246 656 1299 navibus
675 1250 775 1313 essent,
794 1246 830 1300 de
852 1246 936 1300 tertia

86 1320 179 1387 vigilia
202 1321 238 1374 ad
261 1321 353 1374 hostes
374 1321 522 1389 contendit,
543 1339 576 1376 eo
594 1323 683 1375 minus
702 1322 805 1376 veritus
822 1321 947 1375 navibus
987 1373 991 1382 ,

86 1395 162 1463 quod
172 1396 200 1448 in
212 1396 293 1449 litore
304 1396 380 1449 molli
391 1400 474 1464 atque
491 1400 587 1464 aperto
604 1397 737 1464 deligatas
755 1398 792 1450 ad
809 1413 935 1451 ancoram

86 1470 264 1539 relinquebat,
284 1475 313 1526 et
330 1472 467 1540 praesidio
486 1473 601 1527 naribus
618 1472 649 1536 Q.
666 1472 776 1525 Atrium
794 1473 935 1540 pracfecit.

87 1547 152 1614 Ipse
164 1549 246 1599 noctu
257 1563 416 1615 progressus
426 1548 501 1599 milia
509 1564 639 1615 passuum
648 1548 756 1608 circiter
764 1563 807 1601 111
816 1548 935 1601 hostium

86 1622 177 1690 copias
196 1623 365 1690 conspicatus
381 1626 431 1676 est.
468 1623 513 1675 llli
530 1623 656 1691 equitatu
674 1626 759 1692 atque
777 1624 880 1677 essedis
899 1624 936 1677 ad

86 1697 185 1751 flumen
197 1699 336 1766 progressi
348 1714 382 1752 ex
394 1698 453 1753 loco
468 1699 607 1767 superiore
623 1702 732 1753 nostros
746 1699 891 1767 prohibero
906 1704 936 1754 et

85 1772 218 1841 proelium
241 1774 413 1828 committere
432 1779 600 1843 coeperunt
625 1774 739 1844 Repulsi
758 1774 793 1829 ab
812 1776 936 1845 equitatu

85 1863 115 1901 se
127 1848 155 1901 in
168 1849 248 1902 silvas
260 1847 428 1903 abdiderunt
439 1849 528 1903 locum
540 1851 613 1904 nacti
624 1851 734 1919 egregie
748 1855 778 1905 et
795 1854 893 1904 natura
906 1854 936 1904 et

85 1939 167 1991 opere
178 1924 322 1994 munitum,
331 1942 413 1994 quem
426 1925 571 1979 domestici
582 1925 647 1980 belli
658 1930 690 1979 ut
701 1923 847 1979 videbatur
855 1942 936 1979 causa

84 1997 141 2068 jam
152 2003 217 2054 ante
228 2004 472 2070 praeparaverant;
484 2016 548 2053 nam
560 2000 664 2054 crebris
675 2000 818 2054 arboribus
827 2001 936 2055 succisis

85 2090 178 2129 omnes
190 2077 318 2133 introitus
332 2080 411 2130 erant
423 2076 564 2145 praeclusi.
603 2077 661 2145 Ipsi
672 2094 706 2130 ex
718 2075 794 2129 silvis
806 2076 862 2129 rari
873 2093 935 2143 pro-

84 2151 251 2221 pugnabant,
261 2156 424 2221 nostrosque
435 2153 514 2214 intra·
520 2152 684 2205 munitiones
691 2150 797 2218 ingredi
809 2151 936 2219 prohibe-

84 2226 158 2283 bant
195 2228 236 2283 At
254 2227 355 2282 milites
367 2228 482 2296 legionis
494 2243 536 2301 m
548 2226 687 2282 testudine
703 2227 774 2289 facta
790 2230 820 2279 ct
835 2243 935 2295 aggere

84 2303 120 2356 ad
132 2304 298 2358 munitiones
315 2303 423 2372 adjecto
442 2302 531 2356 locum
548 2306 679 2371 cepenmt
695 2318 795 2369 eosque
811 2303 936 2364 exsiliis

85 2380 249 2448 expulerunt
260 2380 353 2449 paucis
368 2377 525 2434 mineribus
539 2379 664 2447 acceptis.
700 2376 755 2432 Sed
770 2392 817 2431 cos
833 2378 936 2445 lugien-

84 2458 127 2507 tes
138 2455 245 2524 longius
257 2456 358 2511 Caesar
370 2454 499 2524 prosequi
508 2456 605 2522 vetuit,
615 2458 644 2509 et
656 2454 730 2523 quod
741 2453 793 2506 loci
810 2457 936 2507 naturam

83 2529 234 2599 ignorabat,
250 2536 280 2586 et
296 2531 369 2600 quod
386 2547 485 2600 magna
502 2534 582 2600 parte
601 2530 658 2584 diei
675 2532 836 2596 cousumpta
851 2530 937 2583 muni-

84 2605 153 2659 tioni
164 2610 315 2661 castrorum
327 2610 440 2677 tempus
452 2606 569 2675 relinqui
582 2605 698 2661 volebat.

137 2687 176 2737 10.
213 2683 351 2737 Postridie
363 2682 423 2752 ejus
436 2683 491 2738 diei
503 2699 583 2737 mane
594 2682 734 2751 tripertito
745 2682 848 2738 milites
860 2681 936 2750 equi-

85 2759 180 2825 tesque
190 2758 219 2811 in
230 2758 433 2828 expeditionem
446 2758 529 2826 misit,
541 2761 574 2812 ut
585 2774 632 2812 eos
643 2757 690 2827 qui
701 2758 829 2825 fugerant
842 2773 934 2826 perse-

84 2836 241 2899 querentur.
278 2833 333 2888 His
356 2834 525 2903 aliquantum
548 2833 655 2887 itineris
675 2833 832 2903 progressis,
853 2849 937 2901 qutun

80 2906 140 2973 jam
153 2909 270 2963 extremi
282 2912 375 2964 essent
386 2910 415 2962 in
430 2912 584 2979 prospectu,
596 2910 703 2978 equites
718 2925 736 2962 a
752 2908 782 2973 Q.
800 2907 884 2963 Atrio
902 2907 939 2960 ad

85 2981 231 3036 Gaesarem
261 2988 395 3039 venerunt
427 2985 474 3055 qui
501 2986 662 3042 nunciarent
689 2984 829 3054 superiore
858 2987 939 3037 nocte

85 3057 203 3110 maxima
214 3061 307 3113 coorta
323 3064 488 3129 tempestate
504 3078 591 3130 prope
607 3079 700 3123 omnes
714 3076 798 3115 naues
813 3059 938 3114 adflictas

86 3130 172 3197 atquo
183 3130 211 3182 in
223 3131 304 3186 litore
316 3133 418 3200 ejectas
430 3151 504 3200 esse;
523 3136 599 3204 quod
614 3154 704 3207 neque
719 3152 834 3191 ancorae
848 3136 940 3190 funes-
