2175 3409
123 125 170 174 172
383 121 411 168 O.
429 117 532 167 JULII
550 116 725 164 cAFsAffls

122 207 175 268 tur,
195 215 285 268 neque
303 197 340 252 ab
357 197 491 253 lateribus
511 195 701 250 circumveniri
723 212 786 250 suos
804 199 979 272 paterentur,

123 278 270 346 erumpunt
281 275 367 330 ceteri
380 275 482 329 Correo
494 273 646 341 proeliante
659 288 694 326 ex
703 272 784 325 silvis.
820 273 866 327 Fit
875 290 979 342 magna

123 354 295 410 contentione
319 351 458 405 diversum
481 349 622 419 proelium.
659 347 740 412 Quod
764 366 848 418 quum
872 351 979 407 diutius

123 431 183 501 pari
195 430 287 483 Marte
298 428 422 496 iniretur,
435 426 579 495 paullatim
592 444 624 480 ex
639 424 714 478 silvis
732 426 866 481 instructa
882 430 978 483 multi-
1045 453 1046 486 ;

123 508 191 562 tudo
203 505 327 575 procedit
332 504 459 576 peditum
470 522 542 575 quae
550 508 657 558 nostros
666 502 739 571 cogit
745 505 843 560 cedere
851 507 977 575 equites;

123 584 223 654 quibus
247 583 374 637 celeriter
397 580 563 635 subveniunt
585 580 652 633 levis
676 584 831 636 armaturae
858 584 977 654 pedites,

1045 506 1048 624 l

124 676 192 729 quos
203 663 270 716 ante
283 661 405 729 legiones
423 660 520 713 missos
538 658 626 725 docui,
645 660 798 729 turmisque
818 665 977 717 nostrorum
1046 687 1047 712 r

123 737 279 805 interpositi
292 742 450 792 constanter
457 735 633 805 proeliantur.
655 734 977 807 Pugnaturaliquamdiu

124 814 183 883 pari
207 815 396 867 contentione:
414 812 523 878 deinde,
544 814 577 865 ut
595 811 666 866 ratic
689 813 846 883 postulabat
870 815 977 885 proelii,

125 889 173 958 qui
191 890 378 945 sustinuerant
396 889 499 959 primos
516 889 636 956 impetus
653 888 823 959 insidiarum,
846 891 897 945 hoc
915 892 977 960 ipso
1016 895 1024 910 ‘

125 967 195 1020 fiunt
218 967 373 1037 superiores
394 964 469 1034 quod
486 964 591 1017 nullum
608 964 643 1018 ab
661 964 853 1021 insidiantibus
870 966 977 1036 impru-

126 1044 224 1098 dentes
254 1046 416 1111 acceperant
446 1041 652 1097 detrimentum.
688 1042 834 1098 Accedunt
862 1046 977 1113 propius

125 1121 236 1174 interim
257 1119 385 1185 legiones,
405 1118 551 1186 crebrique
569 1117 667 1172 eodem
685 1122 809 1189 tempore
827 1123 857 1174 et
874 1123 977 1175 nostris

1047 742 1049 866 l

126 1199 155 1256 et
170 1195 304 1250 hostibus
318 1195 409 1249 nuncii
432 1194 596 1248 adferuntur
620 1193 815 1262 imperatorem
832 1196 977 1251 instructis
1049 1215 1050 1274 l

126 1274 211 1343 copiis
241 1272 344 1325 adesse
390 1270 450 1335 Qua
473 1286 504 1323 re
527 1268 637 1337 cognita
654 1270 792 1338 praesidio
822 1271 977 1326 cohortium
1049 1277 1050 1280 ’

126 1350 221 1404 confisi
238 1346 324 1402 nostri
345 1347 476 1401 acerrime
497 1345 673 1413 proeliantur,
691 1363 733 1415 ne,
751 1348 774 1400 si
791 1347 898 1402 tardius
916 1349 977 1403 rem

126 1425 283 1491 gessissent,
307 1420 437 1479 victoriae
460 1421 575 1490 gloriam
594 1422 807 1477 communicasse
824 1441 886 1478 cum
910 1424 978 1493 legi-

127 1501 223 1554 onibus
253 1501 420 1554 viderentur.
458 1498 561 1553 Hostes
590 1498 737 1553 concidunt
765 1501 862 1554 anisnis
891 1504 977 1570 atque

119 1576 270 1631 itineribus
281 1575 397 1629 diversis
408 1574 501 1643 fugam
513 1577 656 1643 quaerunt.
685 1574 709 1628 N
713 1575 895 1645 equidquam;
912 1594 978 1632 nam

127 1652 226 1721 quibus
239 1650 445 1705 difficultatibus
462 1650 583 1704 locorum
601 1650 738 1704 Romanos
755 1651 883 1706 claudere
901 1653 977 1707 volu-

127 1731 212 1796 erant,
237 1726 270 1781 irs
293 1727 345 1797 ipsi
368 1727 544 1781 tenebantur.
579 1726 655 1781 Victi
678 1731 771 1781 tamen
794 1728 977 1797 perculsique,

126 1804 231 1874 majore
242 1809 322 1874 parte
338 1804 444 1872 amissa,
462 1820 517 1873 quc
534 1803 591 1858 fors
609 1803 712 1858 tulerat
729 1804 897 1858 consternati
914 1822 977 1874 pro-

127 1881 244 1950 fugiunt,
256 1880 357 1950 partim
368 1880 443 1938 silvis
455 1878 558 1948 petitis,
570 1879 672 1948 partim
684 1880 804 1947 flumine,
818 1880 864 1948 qui
883 1884 978 1935 tamen

127 1959 156 2012 in
173 1959 238 2026 fuga
261 1974 278 2011 a
300 1956 401 2010 nostris
424 1955 525 2009 acriter
548 1955 758 2025 insequentibus
779 1956 977 2024 coniiciuntur3
1013 2008 1019 2017 ,

128 2051 212 2103 quum
223 2032 334 2087 interim
346 2032 421 2085 nulla
432 2031 588 2085 calamitate
599 2033 688 2085 victus
707 2032 824 2086 Correus
841 2034 977 2088 excedere

127 2110 230 2181 proelio
253 2109 390 2176 silvasque
412 2111 508 2177 petere
530 2111 580 2160 aut
602 2107 782 2161 invitantibus
809 2110 911 2163 nostris
940 2110 978 2163 ad

128 2186 297 2242 deditionem
313 2184 405 2253 potuit
425 2182 533 2252 adduci,
557 2183 622 2252 quin
644 2183 792 2238 fortissime
815 2184 978 2254 proeliando

127 2262 335 2332 compluresque
346 2259 512 2314 vulnerando
524 2260 636 2327 cogeret
645 2257 758 2337 [elates]
769 2260 911 2315 bacundia
922 2262 978 2316 vie-

127 2341 204 2392 tcres
215 2338 243 2391 in
255 2353 286 2391 sc
297 2336 353 2391 tela
365 2336 507 2405 conjicere.

180 2420 223 2469 20.
258 2413 316 2466 'lali
328 2412 410 2466 modo
422 2429 452 2466 re
469 2415 550 2480 gesta
567 2412 723 2467 recentibus
738 2412 842 2488 proelii
853 2413 977 2482 vestigiis

127 2490 267 2559 ingressus
282 2489 390 2556 Caesar,
409 2505 493 2558 quum
511 2488 599 2542 victos
616 2493 694 2542 tanta
711 2489 866 2543 calamitate
885 2489 978 2544 existi-

127 2570 217 2621 maret
226 2566 320 2620 hostes
331 2566 428 2619 nuncio
440 2570 552 2633 accepto
563 2565 652 2619 locum
664 2568 815 2619 castrorum
824 2565 977 2632 relicturos,

128 2660 199 2712 quae
216 2659 270 2697 non
288 2642 395 2710 longius
411 2641 447 2695 ab
464 2657 497 2695 ea
514 2640 598 2695 caede
616 2641 712 2696 abesse
729 2641 791 2711 plus
808 2642 897 2696 minus
914 2647 977 2697 octo
1017 2691 1023 2698 .

128 2719 236 2773 milibus
248 2719 415 2785 dicebantur,
424 2718 534 2772 tametsi
542 2718 654 2772 flumine
660 2717 822 2787 impeditum
830 2719 978 2773 transitum

128 2795 248 2863 videbat,
272 2799 366 2849 tamen
390 2794 514 2849 exercitu
532 2794 693 2848 transducto
715 2795 900 2863 progreditur.
937 2797 978 2850 At

129 2869 266 2924 Bellovaci
279 2870 454 2939 reliquaeque
472 2869 598 2924 civitates
615 2874 730 2939 repente
748 2886 783 2924 ox
801 2871 867 2938 fuga
883 2872 978 2939 paucis

129 2947 212 3010 atque
230 2945 278 2998 his
300 2946 450 2999 vulneratis
472 2948 600 3014 receptis,
624 2948 671 3016 qui
692 2947 820 3002 silvarum
844 2946 978 3001 beneficio

129 3032 220 3069 casum
233 3019 410 3086 sumserunt,
422 3021 548 3074 omnibus
557 3023 687 3090 adversis,
696 3023 805 3091 cognita
813 3023 978 3092 calamitate,

129 3088 273 3173 interfecto
295 3094 403 3163 Correo,
426 3096 525 3149 amisso
541 3098 666 3165 equitatu
684 3103 713 3153 et
730 3098 887 3153 fortissimis
899 3099 979 3167 pedi-

129 3160 212 3227 tibus,
224 3179 309 3229 quum
325 3166 476 3224 adventare
493 3170 631 3226 Romarm
648 3174 846 3242 existimarent,
864 3175 979 3230 coneilio
