2175 3409
154 219 234 273 tanto
257 196 356 286 sputid'
365 189 457 271 iectu
472 135 614 283 qlddrffi
628 137 718 271 lgneo
737 219 767 271 et
783 215 887 272 viribus
905 139 1012 274 effioess

155 291 465 363 potueruutcomplures
477 307 511 344 ex
527 291 561 343 iis
577 292 749 358 occiderunt;
768 292 868 347 deinde
888 296 1013 350 omnibus

155 369 235 438 longe
248 370 358 437 lateque
371 364 502 420 aedificiis
513 367 631 420 incensis
642 384 673 421 se
684 368 712 420 in
723 372 814 423 eastra
825 375 995 440 receperunt.

207 452 248 501 36.
272 444 387 498 Eodem
400 442 445 498 die
457 443 541 511 legati
553 442 588 495 ab
599 442 724 497 hostibus
736 444 811 500 missi
821 445 857 499 ad
868 446 1011 501 Caesarem

155 522 192 578 de
201 540 269 594 pace
281 523 421 575 venerunt.
458 518 511 571 His
524 519 626 572 Caesar
636 535 780 573 numerum
792 520 917 575 obsidum
930 539 1012 590 quem

156 604 220 653 aute
236 599 418 668 imperaverat
435 594 590 672 duplicavit,
604 610 706 663 eosque
724 596 752 649 in
771 598 953 651 continentem
965 599 1012 652 ad-

157 677 220 730 duci
222 676 315 744 jussit,
322 671 891 743 quodpropinquadieaequinoctiiinfirmis
898 675 1012 728 natibus

46 763 49 770 ’
156 752 240 825 hiemi
252 752 452 819 navigationem
465 749 724 818 subjiciendamnon
732 751 911 806 existimabat
949 752 1013 821 Ipse

156 828 280 882 idoneam
293 830 488 896 tempestatem
499 830 596 880 nactus
607 827 689 894 paulo
701 831 764 895 post
775 829 893 882 mediam
902 831 1012 883 'noctem

156 922 238 959 naves
249 906 337 972 solvit,
345 919 415 974 quae
424 919 518 957 omnes
525 903 717 957 incolumesad
725 904 909 958 continentem
916 922 1011 975 perve-

157 984 271 1047 nerunt;
284 980 333 1035 sed
345 997 380 1034 ex
392 980 426 1033 iis
438 980 579 1033 onerariae
592 978 663 1032 dnae
677 979 788 1033 eosdem
806 997 873 1048 qnos
889 982 1011 1050 reliquae

156 1060 253 1124 portus
264 1064 361 1127 capere
374 1073 427 1109 non
438 1058 589 1124 potuerunt
600 1059 630 1109 et
641 1055 722 1124 patilo
734 1056 805 1110 infra
816 1057 924 1112 delatae
940 1066 1011 1113 nunt
1028 1071 1031 1076 ’

210 1137 250 1191 37.
287 1131 392 1199 Quibus
403 1150 437 1186 ex
449 1132 565 1186 navibus
576 1149 659 1202 quum
673 1137 766 1187 essent
778 1134 895 1203 expositi
911 1134 1013 1189 milites

157 1210 267 1264 circiter
284 1224 332 1264 cco
349 1213 433 1277 atque
450 1208 479 1285 in
495 1212 586 1263 castra
602 1210 807 1278 contenderent,
824 1210 931 1277 Morini,
944 1227 1013 1280 quos

158 1286 257 1340 Caesar
269 1286 297 1341 in
311 1285 480 1340 Britanniam
492 1286 666 1354 proficiscens
677 1290 787 1355 pacatos
797 1287 954 1355 reliqucmt,
964 1304 1012 1355 spe

156 1362 275 1430 praedae
292 1363 405 1416 adducti
423 1361 511 1429 pn'mo
529 1377 583 1414 non
601 1362 641 1415 ita
658 1379 756 1430 magno
773 1377 882 1416 snorum
900 1379 1013 1417 numero

157 1439 403 1506 circumsteterunt,
416 1438 483 1491 acsi
496 1454 556 1492 sese
569 1438 685 1491 interfici
701 1438 811 1507 nollent,
823 1456 898 1493 arma
911 1456 1013 1508 ponere

153 1514 302 1582 jussenmt.
337 1515 427 1580 Quum
440 1514 479 1567 illi
495 1513 563 1567 orbe
579 1515 653 1570 facto
669 1532 729 1569 sese
745 1516 930 1580 defenderent
945 1517 1013 1570 cele-

156 1592 224 1645 riter
232 1593 269 1645 ad
278 1593 422 1646 clamorem
432 1592 572 1645 homiuum
582 1594 690 1647 circiter
699 1592 774 1646 milia
782 1608 812 1647 vr
821 1595 1012 1647 convenerunt.

158 1666 217 1730 Qua
228 1685 259 1722 re
270 1668 396 1721 nuntiata
408 1667 508 1722 Caesar
521 1684 628 1722 omnem
641 1686 676 1723 ex
687 1670 784 1723 castris
796 1670 949 1738 equitatum
958 1670 1014 1722 suis

156 1743 256 1797 anxilio
271 1739 354 1797 misit.
391 1745 507 1799 Interim
520 1745 612 1798 -rrostri
628 1745 731 1799 milites
745 1746 878 1814 impetum
894 1745 1013 1799 hostium

157 1820 345 1873 sustinuerunt
363 1824 447 1888 atque
465 1820 580 1888 amplius
598 1821 671 1875 lroris
694 1837 723 1875 1v
741 1822 888 1875 fortissime
911 1837 1013 1890 pugna-

156 1899 253 1949 verunt
271 1899 300 1950 et
311 1897 404 1964 paucis
424 1896 582 1950 vulneribus
601 1898 719 1965 acceptis
738 1897 890 1965 complures
914 1914 948 1951 ex
972 1897 1014 1948 his

156 1970 319 2024 oceiderumt.
359 1972 458 2025 Postea
470 1988 534 2024 vero
548 1989 629 2039 quam
644 1973 784 2040 equitatus
800 1977 893 2026 noster
909 1972 937 2025 in
954 1988 1014 2025 con-

157 2051 280 2114 spectum
301 2049 383 2114 venit,
403 2047 497 2101 hostes
521 2046 637 2115 abjectis
661 2048 744 2102 armis
767 2051 845 2116 terga
867 2051 1011 2101 verterunt

80 2120 86 2128 '
157 2138 326 2193 magnusque
339 2141 433 2179 eorum
446 2140 575 2178 numerus
588 2128 631 2178 est
643 2125 753 2178 occisus.

122 2257 125 2260 ,
208 2205 249 2254 38.
285 2199 385 2253 Caesar
403 2204 515 2269 postero
532 2200 577 2254 die
597 2200 627 2255 Τ.
648 2199 797 2253 Labienum
815 2200 936 2266 legatum
952 2213 1037 2251 cum·

156 2275 189 2327 iis
205 2274 442 2344 legionibus-quas
461 2293 495 2329 ex
516 2276 660 2330 Britannia
679 2276 826 2329 reduxerat
844 2273 873 2326 in
890 2272 1013 2326 Morinos

157 2350 204 2417 qui
217 2351 391 2405 rebellionem
405 2353 526 2405 fecerant
542 2352 624 2405 misit.
661 2351 713 2414 Qui
731 2368 814 2418 quum
832 2351 945 2418 propter
966 2348 1015 2401 sic-

157 2426 254 2479 citates
272 2426 403 2494 paludum
421 2443 475 2497 quo
495 2443 525 2481 se
546 2428 701 2497 reciperent
719 2442 772 2478 non
796 2425 936 2491 haberent,
960 2438 1015 2493 quo

156 2501 282 2570 perfugio·
294 2504 431 2571 superiore
443 2521 514 2559 anno
527 2509 607 2558 erant
618 2505 668 2571 usi,
682 2520 774 2557 omnes
786 2503 844 2556 iere
856 2501 883 2555 in
897 2505 1016 2570 potesta-

156 2580 214 2630 tem
231 2577 344 2633 Labieni
360 2585 550 2650 pervenerunt.
587 2584 628 2636 At
647 2581 861 2645 marturinae
883 2581 913 2635 L.
933 2581 1016 2635 Cotta

155 2654 247 2723 legati,
258 2656 304 2725 qni
316 2657 344 2710 in
356 2658 546 2726 Menapiorum
559 2658 627 2712 fines
641 2659 761 2727 legiones
774 2658 916 2724 duxerant,
929 2656 1014 2710 omni·

156 2729 208 2784 bus
232 2748 325 2786 eorum
348 2736 421 2802 agris
441 2735 563 2801 vastatis,
584 2734 729 2788 frumentis
749 2736 865 2802 succisis,
885 2732 1015 2787 aedificiis

155 2808 278 2875 incensis,
297 2811 371 2878 quod
396 2810 518 2879 Menapii
535 2827 565 2863 se
584 2827 677 2865 omnes
695 2811 721 2863 in
740 2809 914 2864 densissimas
927 2809 1016 2863 silvas

156 2883 326 2952 abdiderant,
334 2903 369 2947 se
381 2887 417 2940 ad
430 2887 575 2941 Gaesarem
586 2890 756 2955 receperunt.
793 2888 895 2941 Cacsar
905 2888 933 2940 in
951 2885 1014 2939 Bel-

155 2960 197 3026 gis
209 2961 329 3014 omnium
346 2962 483 3030 legionum
500 2961 615 3016 hiberna
632 2964 780 3016 constituit.
818 2963 858 3015 Eo
875 2963 945 3015 duae
961 2977 1015 3014 om-

156 3036 224 3088 nino*
241 3036 366 3091 civitates
387 3055 422 3091 cx
446 3037 589 3092 Britannia
607 3038 716 3091 obsides
733 3037 874 3102 miserunt,
892 3036 1014 3103 reliquae

155 3112 343 3179 neglexerunt.
380 3112 433 3167 His
450 3113 533 3167 rebus
549 3114 634 3181 gestis
650 3130 685 3166 ex
704 3112 793 3165 literis
813 3111 936 3165 Caesaris
956 3109 1013 3162 die·

128 3223 130 3227 2
146 3193 215 3241 ‘rum
228 3188 324 3256 viginti
339 3190 501 3258 supplicatio
514 3206 530 3242 a
542 3192 638 3242 senatu
651 3189 762 3241 decreta
773 3191 823 3240 est.
