2175 3409
83 106 114 155 16
336 107 364 155 C.
383 106 484 157 JULII
501 108 673 156 CAESARIS

85 186 199 239 Romam
217 186 253 239 mi
266 191 391 241 senatum
407 188 513 241 venisse
529 188 659 240 auxilium
671 189 846 257 postulatum,
859 191 932 257 quod

83 262 156 315 solus
168 278 257 328 neque
264 262 445 331 jurejurando
454 280 544 331 neque
554 263 695 317 obsidibus
705 269 855 320 teneretur
876 267 932 320 Sed

80 337 160 404 pejus
174 337 321 392 victoribus
334 340 466 407 Sequanis
480 356 561 407 quam
576 339 683 392 Aeduis
694 341 774 394 vietis
786 342 932 408 accidisse3

9 401 11 468 l
80 416 226 481 propterea
246 415 319 481 quod
337 415 500 483 Ariovistus,
512 431 562 467 rex
580 415 805 484 Germanorum,
797 434 825 469 m
837 435 931 472 eorum

9 479 11 542 i
81 488 181 541 linibus
193 489 360 543 consedisset
348 491 540 558 ttertiamque
552 494 658 559 partem
671 493 729 558 agri
745 458 871 560 Sequani,
885 494 932 560 qui

9 581 10 584 ¹
80 568 153 618 esset
172 565 291 633 optimus
311 566 396 619 tetius
414 566 526 633 Galliae,
548 567 739 636 occupavisset,
760 572 789 621 et
807 586 878 623 nunc
896 570 932 622 de

79 641 167 694 altera
178 644 257 709 parte
270 643 353 696 tertia
366 643 505 710 Sequanos
517 609 651 695 decedere
659 637 779 710 juberet,
786 649 931 713 propterea

78 717 153 785 quod
173 718 267 785 paucis
287 719 424 771 mensibus
444 722 508 771 ante
531 718 677 770 Harudum
697 718 772 771 milia
791 720 930 772 hominum

80 808 149 846 xxm
158 793 193 846 ad
206 810 267 846 eum
280 794 418 847 venisseut
427 793 524 863 quibus
537 792 612 846 locus
629 810 660 847 ac
672 794 752 847 sedes
760 798 929 863 pararentur

81 868 215 923 Futurum
232 886 292 923 esse
308 870 401 937 paucis
414 869 491 922 aunis
507 869 548 922 uti
562 868 656 923 enmes
669 886 703 923 ex
716 870 820 923 Galliae
831 870 931 923 finibus

80 944 248 1033 pellerentur
265 949 349 1012 atque
367 961 460 999 omnes
477 945 606 998 Gennani
625 945 750 998 Rhenum
767 946 931 1012 transirent3

80 1022 252 1086 nequeenim
269 1021 463 1075 conferendum
480 1037 540 1074 esse
557 1020 689 1074 Gallicum
706 1037 767 1074 eum
783 1020 930 1075 Germano
1081 1051 1082 1090 J

81 1111 141 1148 rum
160 1112 234 1164 agro,
252 1114 340 1167 neque
359 1097 429 1151 hanc
451 1096 674 1151 consuetudinem
695 1096 783 1150 victus
804 1113 865 1150 eum
882 1098 931 1151 illa
1081 1099 1082 1152 l

81 1173 296 1259 comparandam
335 1173 505 1227 Ariovistum
523 1176 623 1239 autem,
639 1175 672 1225 ut
674 1159 771 1225 senrel
790 1172 929 1227 Gallorum
975 1209 991 1237 a

80 1248 172 1315 copias
183 1250 286 1317 proelio
297 1245 401 1303 vicerit
393 1250 483 1318 quod
491 1248 624 1317 proelium
634 1248 737 1301 factum
747 1248 783 1302 s1t
792 1248 828 1301 ad
837 1248 930 1315 Mage
984 1245 988 1255 '
1040 1271 1042 1274 ’

80 1322 205 1390 febriam,
220 1325 336 1394 superbe
348 1329 378 1379 et
389 1325 538 1379 crudeliter
550 1325 691 1392 imperare,
701 1323 808 1377 obsides
820 1323 929 1377 nobilis-

79 1398 140 1452 simi
158 1399 290 1468 eujusque
306 1401 406 1454 liberos
423 1417 534 1470 poscere
550 1402 579 1453 et
592 1401 620 1452 in
636 1416 682 1453 eos
697 1399 788 1452 omnia
804 1400 929 1468 exempla

79 1474 267 1543 cruciatusque
288 1476 378 1543 edere,
399 1477 422 1529 si
447 1493 500 1543 qua
519 1493 636 1529 resnou
656 1475 692 1528 ad
710 1477 808 1528 nutum
827 1479 874 1528 aut
893 1475 929 1528 ad

78 1550 247 1603 voluntatem
267 1551 327 1618 ejus
345 1552 418 1605 faeta
437 1553 481 1606 sit.
519 1551 666 1604 Hominem
690 1566 750 1604 esse
772 1550 929 1619 barbarum,

77 1624 244 1692 iracundum,
259 1627 434 1680 temerarium
447 1648 453 1693 ;
470 1644 525 1679 non
537 1643 618 1695 posse
630 1625 690 1693 ejus
702 1626 815 1694 imperia
827 1625 930 1680 diutius

78 1700 221 1755 sustinere.
241 1702 352 1770 Nisi[si]
360 1702 426 1769 quid
434 1703 462 1754 iu
471 1702 588 1756 Caesare
597 1701 751 1770 populoque
761 1701 883 1755 Romano
893 1702 930 1756 sit

77 1777 176 1840 auxilii
189 1777 315 1830 omnibus
328 1778 413 1831 Gallis
425 1778 499 1831 idem
512 1794 571 1832 esse
580 1777 734 1830 faciendum
747 1776 821 1845 quod
830 1777 929 1831 Helue

77 1852 109 1905 tii
129 1852 252 1919 fecerint,
270 1856 303 1906 ut
324 1853 405 1907 domo
421 1854 563 1921 emigrent,
581 1852 656 1906 aliud
674 1852 847 1919 domicilium,
861 1852 929 1907 alias

78 1929 157 1982 sedes
169 1932 288 1982 remotas
300 1945 317 1982 a
330 1929 473 1983 Germanis
481 1932 586 1996 petant,
594 1928 786 1995 fortunamque
795 1943 929 1993 quaeeun-

79 2020 130 2070 que
150 2004 256 2058 aecidat
275 2006 456 2074 experiantur.
494 2005 572 2059 Haec
591 2005 613 2057 si
632 2004 776 2057 enuntiata
790 2003 928 2057 Ariovisto

77 2079 138 2146 sint,
157 2096 209 2132 non
227 2080 355 2134 dubitare
375 2080 439 2148 quin
457 2081 492 2133 de
509 2080 634 2133 omnibus
646 2078 786 2132 obsidibus
797 2079 843 2146 qui
855 2079 928 2148 apud

77 2171 140 2209 eum
152 2156 207 2208 sint
219 2156 408 2224 gravissimum
421 2155 584 2224 supplicium
597 2157 693 2208 sumat.
725 2153 871 2207 Caesarem
883 2155 928 2208 vel

76 2231 239 2285 auctoritate
252 2248 300 2285 sua
315 2237 398 2300 atque
412 2232 556 2297 exereitus,
569 2230 612 2284 vel
627 2229 732 2284 receuti
750 2229 872 2297 victoria,
884 2231 928 2284 vel

76 2307 185 2361 nomine
203 2308 296 2376 populi
309 2308 424 2361 Romani
438 2307 579 2362 deterrere
592 2322 672 2375 posse
686 2322 720 2359 ne
737 2305 826 2373 major
837 2306 928 2360 multi-

75 2382 144 2435 tudo
168 2383 365 2438 Germanorum
391 2384 517 2436 Rhenum
541 2381 741 2448 transducatur,
759 2381 928 2449 Galliamque

76 2473 184 2513 omnem
196 2458 232 2512 ab
246 2459 380 2514 Ariovisti
392 2459 495 2527 injuria
505 2474 586 2527 posse
598 2457 754 2511 defendere.

1080 289 1083 304 l

128 2540 168 2589 32.
206 2535 267 2588 Hac
286 2536 409 2589 oratione
428 2534 464 2587 ab
486 2533 623 2587 Divitiaco
645 2532 747 2600 habita,
766 2548 860 2586 omnes
881 2533 927 2602 qui

76 2607 191 2663 aderant
210 2626 309 2677 magno
328 2610 395 2663 fletu
415 2609 545 2662 auxilium
561 2626 578 2663 a
594 2609 709 2663 caesare
724 2611 819 2677 petere
835 2625 928 2676 coepe

75 2688 147 2738 runt.
184 2685 388 2738 Animadvertit
401 2685 502 2739 Caesar
514 2701 583 2738 unos
595 2701 630 2739 ex
647 2684 772 2738 omnibus
788 2684 927 2752 Sequanos

75 2759 142 2812 nihil
155 2777 248 2815 earum
260 2777 354 2813 rerum
362 2761 453 2813 facere
466 2777 533 2828 quas
542 2761 628 2815 ceteri
636 2761 766 2826 facerent,
774 2758 824 2812 sed
833 2759 927 2812 tristes

75 2834 165 2903 eapite
188 2835 305 2889 demisso
329 2839 432 2889 terram
455 2836 563 2890 intueri.
600 2836 667 2904 Ejus
690 2836 731 2889 rei
754 2851 824 2903 quae
847 2850 928 2888 causa

76 2914 150 2964 esset
168 2910 283 2963 miratus
300 2927 336 2963 ex
352 2911 418 2979 ipsis
435 2912 559 2979 quaesiit.
596 2911 670 2964 Nihil
688 2910 807 2979 Sequani
818 2926 928 2978 respon-

77 2982 151 3050 dere,
165 2983 214 3036 sed
226 2984 254 3037 in
266 2985 363 3039 eadem
375 2987 488 3040 tristitia
499 2987 578 3040 taciti
590 3002 758 3054 permanere.
790 2985 879 3048 Quum
891 2984 928 3039 ab

77 3057 120 3111 his
139 3058 246 3126 saepius
265 3064 412 3127 quaereret
432 3077 521 3128 neque
539 3062 622 3115 ullam
642 3062 749 3115 omnino
768 3077 861 3114 rocem
881 3078 927 3114 ex-

78 3132 195 3198 primere
206 3137 307 3202 posset,
314 3134 388 3190 idem
401 3136 553 3192 Divitiaeus
561 3136 675 3191 Aeduus
687 3135 845 3204 respondit:
866 3135 928 3191 Hoc
