2175 3409
5 2287 7 2360 ι

496 130 607 179 LIBER
623 130 662 180 11
815 175 819 178 .
976 132 1008 181 ab

151 210 292 266 vissimum
308 226 406 279 agmen
422 214 577 266 moraretur
590 211 739 281 praemisit
777 211 875 277 HisQ.
889 209 1005 265 Pedium

151 283 223 341 etL
237 286 451 340 Aurunculeium
464 286 693 357 (lottamlegatos
707 287 848 356 praefecit
884 286 914 340 Τ.
926 285 1006 339 Labi-

151 378 233 416 enum
254 361 376 430 legatum
399 378 461 416 cum
481 362 634 431 legionibus
655 363 745 417 tribus
765 361 896 432 subsequi
915 351 1006 430 jussit

152 438 192 491 Hi
204 437 364 491 novissimos
378 437 469 492 adorti
486 442 516 492 et
532 439 620 493 multa
635 439 711 492 milia
724 455 853 508 passuum
869 439 1006 508 prosecuti

150 529 276 581 magnam
297 513 377 567 multi
379 512 502 568 tudinem
524 530 619 567 eorum
640 513 802 583 fugientium
821 512 1006 582 eoneiderunt,

150 605 235 657 quum
248 588 283 642 ab
297 593 420 643 extremo
432 589 540 657 agmine
556 589 592 643 ad
608 606 675 658 quos
690 593 802 643 ventum
821 593 882 644 erat
908 589 1007 643 eousis·

150 666 243 719 terent
258 663 421 731 fortiterque
437 663 571 733 impetum
590 668 746 719 nostrorum
757 664 874 718 rnilitum
890 664 1006 719 sustine-

149 743 221 807 rent,
236 741 348 809 priores,
367 739 442 809 quod
458 739 555 794 abesse
571 756 588 793 a
604 740 724 809 periculo
741 739 900 795 viderentur
915 756 1005 810 neque

149 814 207 869 ulla
224 815 387 870 neeessitate
406 832 496 884 noque
515 815 628 885 irnperio
649 816 860 904 continerentur,
875 816 1005 871 exaudito

150 891 268 945 elamore
283 890 452 960 perturbatis
467 890 609 945 ordinibus
625 907 719 945 omnes
735 909 764 945 ιιι
780 891 846 959 fuga
863 892 914 946 sibi
929 908 1005 961 prae

150 966 250 1021 sidium
266 970 406 1036 ponerent.
444 966 528 1021 Ita
506 984 565 1020 srne
581 967 636 1020 ullo
651 968 771 1036 periculo
787 971 893 1022 tantam
910 984 1003 1022 eorum

150 1042 355 1097 multitudinem
382 1043 470 1096 nostri
493 1043 691 1120 interfecerunt
716 1046 849 1112 quantum
872 1044 925 1097 fuit
948 1043 1003 1098 diei

51 1147 62 1166 ι
151 1118 277 1186 spatium,
300 1117 351 1171 sub
376 1134 557 1188 occasumque
562 1106 646 1172 solis
670 1118 845 1185 destiterim,
868 1134 952 1187 seque
974 1119 1004 1172 in

150 1195 249 1261 eastra,
268 1198 301 1248 ut
318 1198 378 1248 erat
395 1194 568 1280 imperatum,
586 1197 757 1282 receperunt.

205 1274 243 1323 12.
279 1268 452 1323 Postridie
427 1285 487 1337 eJus
499 1268 555 1323 diei
568 1269 676 1336 Caesar,
689 1270 847 1339 priusquam
864 1286 895 1328 se
910 1268 1003 1325 hostes

150 1360 186 1399 ex
202 1346 308 1399 terrore
324 1361 356 1399 ao
371 1345 436 1413 fuga
453 1345 614 1413 reciperent,
629 1344 658 1398 in
674 1345 742 1399 fines
758 1345 940 1413 Suessionum,
955 1345 1003 1415 qui

149 1420 269 1488 proximi>
279 1420 374 1474 Remis
386 1424 471 1486 erant,
485 1420 635 1474 exereitum
651 1420 731 1475 duxit
747 1423 777 1474 et
792 1436 889 1488 magno
904 1421 1003 1475 itinere

149 1495 272 1550 eonfeeto
296 1495 333 1550 ad
353 1495 483 1565 oppidum
505 1494 696 1549 Noviodunum
719 1494 865 1549 eontendit
908 1495 944 1549 Id
967 1512 1002 1550 ex

149 1570 249 1628 itinere
260 1587 418 1641 oppugnare
431 1574 550 1636 eonatus,
560 1570 635 1640 quod
646 1587 760 1625 saeuum
769 1569 805 1624 ab
814 1570 1003 1625 defensoribus

149 1662 210 1700 esse
230 1646 366 1720 audiebat,
385 1649 497 1716 propter
519 1646 693 1701 latitudinem
712 1647 801 1701 fossae
821 1646 946 1716 murique
966 1647 1003 1701 al-

148 1722 296 1776 titudinem
313 1722 410 1792 paucis,
425 1721 636 1776 defendentibus
655 1738 810 1791 expugnare
828 1738 882 1776 non
902 1723 1000 1791 potuit.

70 1815 76 1828 ·
149 1797 255 1851 (lustris
266 1799 378 1853 munitis
392 1798 484 1852 vineas
502 1814 584 1866 agere
598 1814 723 1867 quaeque
738 1798 775 1851 ad
791 1797 1001 1866 oppugnandum

148 1874 210 1927 usui
229 1877 307 1928 erant
327 1890 484 1943 eomparare
507 1874 605 1943 eoepit.
644 1873 758 1927 Interim
779 1874 865 1927 omnis
883 1890 918 1927 ex
936 1874 1002 1943 fuga

150 1948 323 2002 Suessionum
343 1947 491 2002 multitudo
509 1948 537 2001 in
557 1948 687 2017 oppidum
705 1948 829 2017 proxima
843 1952 923 2003 nocte
938 1965 1001 2004 eon-

148 2025 231 2078 venit
267 2024 400 2079 Celeriter
417 2024 503 2078 vineis
519 2023 556 2077 ad
572 2024 702 2093 oppidum
720 2024 795 2090 setis,
809 2040 909 2092 aggere
923 2023 1001 2092 jacto

148 2098 326 2166 turribusque
335 2099 499 2166 eonstitutis,
507 2098 695 2168 magnitudine
704 2115 825 2168 operum,
832 2116 903 2168 quae
911 2117 1000 2168 neque

148 2173 275 2228 viderant
286 2178 350 2229 ante
363 2174 434 2229 Galli
446 2191 535 2244 neque
548 2173 699 2243 audierant,
709 2178 738 2229 et
749 2174 890 2229 celeritate
903 2175 1000 2229 Roma·

148 2266 245 2304 norum
260 2251 379 2320 permoti
395 2252 500 2320 legatos
517 2251 554 2304 ad
571 2250 715 2304 Caesarem
731 2250 767 2304 de
783 2249 923 2304 deditione
937 2251 1000 2305 mit

137 2325 218 2392 emt,
230 2329 260 2380 et
271 2326 427 2395 petentibus
440 2325 533 2381 Remis
544 2329 577 2380 ut
591 2329 815 2380 conservarentur
825 2324 981 2397 impetrant

76 2381 189 2466 [md
198 2406 236 2456 13.
272 2401 372 2455 Caesar
384 2400 526 2467 obsidibus
538 2401 657 2470 acceptis
675 2402 770 2489 primis
784 2401 901 2454 civitatis
915 2404 1000 2469 atque

6 2510 11 2538 r
42 2483 46 2500 ¹
146 2476 233 2543 ipsius
250 2475 351 2540 Galbae
369 2479 441 2546 regis
461 2463 568 2546 duobus
585 2477 655 2545 filiis,
672 2477 843 2556 armisque
825 2475 950 2534 omnibus
965 2492 999 2530 ex

146 2550 247 2621 oppido
247 2537 396 2622 madius,
388 2570 416 2606 ιιι
428 2531 599 2609 deditionem
613 2553 780 2608 Suessiones
782 2537 886 2622 aceepit
897 2552 1000 2607 exerci-

146 2628 280 2696 tumque
272 2645 305 2686 ιιι
313 2625 470 2684 Bellovacos
483 2629 566 2684 ducit
599 2630 652 2706 Qui
663 2646 746 2698 quum
759 2645 789 2683 se
798 2623 901 2697 suoque
910 2627 1000 2681 omnia

145 2702 175 2756 in
199 2702 337 2772 oppidum
354 2693 577 2774 Bratuspantium
601 2705 785 2773 eontulissent,
805 2707 889 2780 atque
909 2703 944 2756 ab
966 2719 999 2757 eo

146 2775 247 2847 oppido
260 2777 433 2835 Caesareum
446 2782 568 2835 exercitu
580 2782 688 2835 amciter
699 2781 773 2834 milia
784 2794 913 2849 passuum
922 2778 1000 2847 quin-

147 2870 201 2921 que
210 2836 329 2922 abesset,
335 2872 427 2911 omnes
436 2858 554 2926 majores
563 2860 631 2911 natu
640 2873 674 2910 ex
683 2855 783 2925 oppido
792 2854 999 2925 egressimanus

146 2928 182 2982 ad
195 2921 339 2987 Gaesarem
353 2932 467 2987 tendere
482 2935 511 2987 et
525 2931 590 2986 voce
605 2931 757 3008 significare
774 2932 922 2998 eoeperunt
938 2943 999 2981 sese

145 3004 246 3074 'mejus
258 3006 383 3064 fidemae
347 3001 557 3097 &potestatem
566 3007 660 3092 {spire
668 3021 757 3072 neque
765 3008 860 3059 eontra
868 3002 999 3071 populum

147 3073 316 3136 Romanum
315 3083 399 3137 armis
414 3079 602 3152 eontendereJ
624 3082 704 3148 Item,
716 3095 801 3149 quum
816 3078 853 3133 ad
869 3077 999 3145 oppidum

146 3154 305 3212 accessisset
323 3161 467 3227 eostraque
482 3158 521 3212 ibi
536 3159 658 3226 poneret,
672 3153 752 3224 pueri
767 3153 948 3217 mulieresque
964 3164 998 3201 ex
