2175 3409
73 112 104 162 td
326 110 355 160 (i.
373 109 477 160 JULII
494 107 667 158 CAESARIS

115 197 167 247 bt.
203 194 243 247 Eo
258 191 303 246 die
317 190 438 259 parvulis
454 188 628 258 equestribus
644 187 758 258 proeliis
772 187 810 242 ad
825 205 924 258 aquam

72 268 152 324 factis
169 268 280 336 utrique
296 282 356 321 sese
373 282 422 320 suo
436 265 496 319 loeo
512 264 668 329 continent;
685 264 765 332 Galli,
778 266 852 333 quod
868 281 925 318 am-

36 377 38 382 ·
72 344 174 414 pliores
185 344 284 412 copias,
294 358 366 411 quas
377 340 497 395 nondum
510 343 703 407 convenerant,
712 339 924 409 exspectabant

73 420 181 486 Caesar,
199 420 221 473 si
238 419 310 473 iorte
325 417 434 472 timoris
451 416 625 474 simulatione
640 415 735 470 hostes
749 415 779 469 in
796 432 874 469 suum
885 416 925 469 lo-

72 511 134 550 cum
150 496 251 549 elicere
270 497 369 563 posset,
386 496 418 547 ιιι
434 493 504 547 citra
523 491 620 546 vellem
639 492 804 562 prorostris
821 492 925 561 proelio

71 570 265 636 contenderet;
282 570 306 626 si
317 569 348 623 id
359 569 466 624 efficere
479 584 533 622 non
545 572 647 637 posset,
656 571 689 622 ιιι
700 569 851 637 exploratis
861 569 924 622 itin-

72 646 165 700 eribus
182 646 288 700 minore
303 661 365 700 cum
380 645 501 715 periculo
513 644 613 698 sallem
628 643 772 713 rivumque
786 644 924 697 transiret.

73 721 169 776 Prima
188 721 249 776 luce
265 720 386 775 hostium
405 720 545 790 equitatus
562 719 599 774 ad
617 723 709 775 castra
723 719 831 774 accedit
845 736 924 787 proe-

71 796 193 866 liumque
210 814 272 851 cum
287 797 389 851 nostris
403 795 544 866 equitibus
558 796 712 850 committit
749 795 851 850 (laesor
861 810 924 848 eon·

72 873 146 927 sulto
169 874 278 942 equites
300 872 399 927 cedere
421 888 519 954 seque
524 871 554 924 in
568 874 665 926 ostra
687 870 810 939 recipere
826 870 924 939 jubet3

73 949 153 1004 simul
175 965 209 1003 ex
227 948 352 1003 omnibus
367 946 494 1017 partibus
510 939 602 1002 ’castra
618 947 717 1001 altiore
736 946 807 1001 vallo
824 946 924 999 muniri

72 1028 238 1113 portasque·
247 1023 352 1080 obstmi
376 1027 460 1111 atque
483 1022 512 1076 in
534 1022 578 1077 his
600 1021 824 1076 administrandis
841 1021 924 1075 rebus

72 1115 156 1169 quam
167 1099 285 1155 maxime
297 1114 451 1155 concursari
442 1098 490 1153 et
500 1113 566 1152 cuns
576 1097 749 1153 simulatione
760 1097 806 1165 egi
817 1096 924 1152 timoris

67 1175 159 1245 jubet.

124 1257 165 1306 51.
201 1251 307 1317 Quibus
329 1251 455 1306 omnibns
477 1251 561 1306 robus
583 1250 677 1305 hostes
697 1247 805 1304 inritati
828 1247 922 1316 copias

73 1326 255 1394 transducunt
274 1326 415 1393 aciemque
430 1326 524 1395 iniquo
539 1326 600 1381 loco
615 1324 801 1388 constituunt';
823 1323 925 1377 nostris

73 1419 139 1458 vere
157 1402 240 1456 etiam
258 1402 295 1455 de
311 1402 382 1456 vallo
398 1401 527 1458 deductis
541 1401 654 1472 propius
673 1399 806 1454 accedunt
822 1401 852 1453 et
867 1398 924 1453 tela

72 1478 147 1532 intra
159 1477 337 1531 munitionem
346 1493 381 1530 ex
393 1477 517 1532 mnnibns
529 1477 655 1547 pertibus
666 1474 828 1543 conjiciunt;
844 1489 923 1542 prae

73 1551 241 1618 cedibusque
265 1552 456 1605 circummissis
479 1552 652 1620 pronunciari
670 1550 779 1619 jubent,
796 1565 845 1603 sen
861 1549 924 1618 quis

75 1627 170 1683 Gallus
189 1643 238 1681 sen
257 1627 397 1681 Romanus
416 1628 483 1682 velit
506 1632 574 1682 ante
589 1628 685 1681 horam
708 1626 819 1680 tertiam
837 1624 875 1678 ad
892 1640 923 1679 se

71 1702 190 1759 mandre
206 1702 264 1757 sine
279 1701 401 1771 periculo
416 1702 513 1768 licere;
524 1707 596 1772 vpost
616 1702 646 1757 id
664 1701 779 1769 tempus
794 1715 849 1753 non
863 1700 923 1754 iore

73 1779 254 1848 potestatem:
271 1793 304 1833 ao
315 1776 357 1831 sic.
368 1780 477 1834 nostros
493 1779 717 1847 contempserunt
730 1779 762 1830 ιιι
775 1775 924 1830 obstructis

72 1854 102 1910 in
118 1852 236 1922 speciem
251 1852 340 1922 portis
355 1853 470 1921 singulis
485 1853 627 1908 ordinibus
642 1853 784 1922 cespitum,
799 1850 874 1920 quod
887 1853 930 1906 ea'
1011 1907 1015 1916 ,

74 1945 128 1984 non
149 1943 229 1997 posse
247 1929 449 2000 introrumpere
464 1929 636 1997 ridebantur,
652 1928 699 1983 alii
723 1928 823 1982 vallum
840 1943 925 1981 manu

74 2005 208 2072 scindere,
227 2004 273 2059 alii
291 2005 378 2059 fossas
392 2006 529 2075 complere
543 2005 703 2075 inciperent
739 2004 806 2057 llum
822 2003 924 2057 Caesar
953 2015 957 2026 ·

74 2081 200 2135 omnibus
212 2081 300 2149 portis
311 2081 455 2149 eruptione
465 2080 539 2136 iacta
550 2080 732 2149 equitatuque
743 2078 842 2133 emisso
853 2077 923 2132 cele-

73 2156 142 2212 riter
153 2156 248 2212 hostes
259 2156 287 2210 in
298 2156 393 2224 fugam
405 2156 454 2210 dat
465 2157 504 2210 sic
514 2156 557 2211 uti
569 2157 678 2210 omuino
689 2152 831 2225 pugnandi
842 2169 924 2207 musa

73 2232 217 2288 resisteret
234 2247 332 2298 ιιιιιιις
353 2248 536 2301 magnumque
554 2247 590 2285 ex
609 2230 645 2284 iis
662 2244 807 2283 nnmerum
824 2227 924 2282 occidit

40 2370 43 2375 t
74 2311 158 2375 atque
168 2324 263 2363 omnes
274 2307 359 2363 armis
369 2308 453 2364 exuit

126 2388 168 2438 ιι
204 2371 324 2452 Longius
339 2381 468 2453 prosequi
480 2382 592 2447 veritus
604 2381 679 2450 qaod
695 2380 780 2435 silvae
794 2377 923 2449 paludes·

73 2475 128 2529 que
150 2459 365 2528 intercedebant,
389 2474 480 2528 neque
504 2458 589 2513 etiam
612 2456 727 2545 parvulo
755 2454 924 2510 detrimento

73 2534 181 2589 illorum
192 2534 282 2589 locum
290 2534 407 2603 relinqui
416 2533 534 2599 ridebat,
542 2533 667 2587 omnibus
676 2532 732 2585 suis
742 2528 924 2586 incolumibus

73 2609 160 2679 copiis
178 2609 276 2664 eodem
297 2609 346 2664 die
368 2609 406 2663 ad
425 2609 585 2663 Ciceronem
608 2607 740 2676 pervenit
776 2605 924 2659 Institutas

72 2688 173 2752 turres,
197 2684 350 2739 testudines
373 2683 592 2751 munitionesque
615 2682 734 2750 hostium
757 2680 923 2735 admiratur:

73 2759 208 2828 producta
218 2759 326 2826 legione
340 2759 479 2828 cognoscit
490 2775 545 2813 non
561 2758 696 2813 decimum
712 2772 849 2826 quemque
863 2770 924 2809 esse

74 2833 209 2908 reliquum
220 2834 406 2891 militemsine
417 2834 537 2890 vulnere.
571 2835 615 2889 llx
625 2833 669 2887 his
678 2831 803 2886 omnibus
813 2831 923 2899 judicat

73 2907 156 2962 rebus
171 2912 275 2977 quanto
288 2926 351 2963 cum
369 2909 490 2978 periculo
508 2914 538 2964 et
557 2912 661 2997 quanta
678 2923 740 2963 cum
756 2907 859 2960 virtute
877 2920 925 2959 res

74 2981 131 3034 sint
138 2982 357 3039 administratae:
371 2984 529 3039 Ciceronem
540 3001 591 3053 pro
598 2984 667 3053 ejus
670 2982 769 3038 merito
778 2982 925 3069 legionem·

74 3068 129 3120 que
144 3056 293 3110 collaudat:
317 3058 489 3112 centuriones
506 3060 664 3128 singillatim
678 3058 859 3125 tribunosque
873 3056 925 3109 mi-

75 3126 155 3179 litum
172 3129 298 3196 appellat,
314 3147 430 3198 quorum
444 3135 583 3201 egregiam
599 3134 684 3188 inisse
695 3133 825 3188 virtutem
842 3130 924 3186 testi·

7 3309 92 3377 Ι
