2175 3409
5 133 7 146 ‘
72 147 104 196 54
302 109 356 192 ¹c.
375 139 477 191 sunu
494 103 668 191 cussanus

124 230 166 281 20.
202 223 307 279 Eodem
318 221 378 276 iere
389 225 514 291 tempere
528 220 557 274 P.
573 220 695 287 Crassus,
706 236 790 287 quum
801 238 830 275 m
843 221 931 291 Aqui·

72 302 175 360 taniam
192 298 368 368 pervenisset,
387 313 457 364 quae
475 313 546 364 pars,
565 299 598 350 ut
618 299 682 350 autc
704 295 808 349 dictum
827 302 878 364 est,
899 300 930 352 et

5 389 6 430 ξ
72 378 213 445 regionum
232 373 383 446 latitudine·
397 377 426 427 et
445 370 621 426 multitudine
636 371 774 425 hominum
795 374 1020 460 ex'tertiamq
1034 409 1054 445 ι,
1077 350 1086 378 ¹

5 461 6 496 ἐ
72 456 152 521 porte
174 451 279 506 Galliae
301 451 345 503 est
365 448 541 516 aestimanda,
560 463 644 518 quum
661 448 827 516 intelligeret
846 450 875 502 iu
894 450 930 503 iis

5 551 6 554 ¹
72 528 138 583 locis
160 526 212 582 sibi
231 526 334 580 beilum
355 525 514 594 gerendum,
534 523 582 577 ubi
605 525 698 593 paucis
720 528 785 578 ante
803 525 881 578 anuis
899 525 929 579 L.

5 603 6 634 ³
73 603 199 658 Valerius
213 601 396 667 Praeconinus
411 600 520 669 legatus
536 601 659 655 exercitu
673 599 753 670 pulso
770 600 930 655 interiectus

5 707 6 714 κ
73 682 154 747 esset,
172 681 256 747 atque
274 676 347 730 unde
365 675 395 730 L.
414 675 542 730 Manilius
559 675 702 744 proconsul
727 675 930 745 impedimentis

39 760 41 764 '
73 754 179 809 amissis
190 753 362 824 profugisset,
374 768 428 806 uon
444 753 610 806 mediocrem
627 751 679 806 sibi
696 752 866 820 diligentiam
882 752 931 806 ad·

73 829 220 884 bibendam
236 828 414 897 intelligebat.
453 829 552 897 Itaque
568 844 599 882 re
617 827 797 900 frumentaria
814 828 930 898 provIsa,

74 905 184 959 auxiliis
199 905 381 975 equitatuque
406 908 569 973 comparato,
587 904 682 958 multis
699 906 843 973 praeterea
864 903 930 957 viris

74 980 192 1036 fortibus
209 975 314 1049 Tolosa,
328 980 486 1046 Carcasone,
499 983 528 1034 et
547 979 684 1047 Narbone,
701 995 772 1048 quae
788 982 852 1034 suut
866 979 930 1033 civi·

74 1060 148 1111 tates
172 1056 277 1112 Galliae
304 1056 460 1111 vainciac
484 1055 624 1123 finitimae,
648 1072 683 1110 ex
707 1055 750 1108 bis
774 1055 930 1124 regionibus

74 1133 232 1188 nominatim
250 1132 369 1186 evocatis
385 1133 414 1186 in
432 1131 567 1187 Sotiatum
588 1132 657 1185 fines
675 1132 825 1187 exercitum
846 1131 930 1186 intro

75 1208 161 1263 duxit.
197 1207 282 1277 Cujus
305 1207 426 1262 adventu
449 1207 559 1275 cognite
583 1206 702 1262 Sotiates
720 1208 825 1276 magnis
846 1206 931 1275 copiis
1028 1225 1033 1231 ·

75 1285 176 1339 coactis
194 1284 374 1353 equitatuque
392 1300 446 1353 quo
465 1282 612 1352 plurimum
635 1282 763 1356 valebant
786 1284 814 1336 in
832 1280 931 1338 itincre

75 1376 176 1429 agmen
188 1363 312 1415 nostrum
324 1359 415 1414 adorti
431 1357 550 1427 primum
569 1363 697 1427 equestre
712 1359 845 1428 proelium
861 1374 931 1411 coru-
993 1356 999 1367 ⁴

75 1436 215 1501 misemut,
232 1436 332 1489 deinde
345 1435 470 1502 equitatu
479 1437 530 1489 'sue
541 1434 620 1504 pulso
631 1439 715 1504 atque
726 1432 931 1503 insequentibus

75 1511 176 1582 nostris
188 1510 279 1565 subito
291 1511 434 1580 pedestres
450 1511 541 1581 copias
556 1527 625 1581 quas
639 1510 668 1564 in
684 1510 806 1565 convalle
823 1510 851 1562 in
868 1509 931 1561 insi-

76 1584 129 1640 diis
152 1586 349 1641 collocaverant
373 1586 562 1642 ostenderunt.
598 1586 637 1641 Hi
660 1587 769 1640 nostros
800 1583 931 1653 disjectos

76 1661 168 1717 adorti
180 1662 313 1733 proelium
326 1657 499 1718 renovarunt.

127 1742 168 1793 21.
205 1736 359 1807 Pugnatum
368 1742 412 1793 est
426 1738 473 1792 diu
487 1741 572 1808 atque
587 1738 699 1807 acriter,
709 1752 794 1807 quum
811 1737 937 1792 Sotiates¹

77 1813 260 1883 superioribus
278 1815 399 1869 victoriis
418 1814 483 1869 freti
504 1814 533 1868 in
556 1832 606 1870 sua
616 1814 720 1869 virtute
742 1814 827 1868 totius
847 1812 932 1880 Aqui-

76 1890 168 1945 taniae
179 1890 295 1945 sulutem
307 1891 424 1959 positam
435 1893 574 1960 putarent,
585 1890 674 1944 nostri
685 1893 778 1944 autem
790 1888 857 1959 quid
873 1888 932 1941 siue

77 1966 243 2034 imperatore
250 1969 280 2020 et
289 1966 346 2020 siue
355 1966 468 2035 reliquis
484 1964 634 2033 legionibus
647 1965 851 2019 adolescentulo
862 1964 932 2017 duco

76 2041 184 2095 efficere
195 2045 307 2110 possent
318 2043 434 2111 perspici
451 2043 597 2110 cuperent:
613 2040 724 2095 tandein
742 2039 858 2095 coniecti
873 2038 932 2092 vul-

77 2116 188 2172 neribus
206 2117 299 2172 hostes
315 2122 395 2187 terga
410 2121 525 2172 vertere.
563 2116 684 2181 Quorum
702 2132 801 2185 magno
818 2130 931 2169 numero

77 2193 222 2248 interiecto
234 2192 348 2248 Crassus
364 2209 399 2248 ex
414 2193 513 2247 itinere
528 2192 659 2263 oppidum
675 2193 812 2248 Sotiatum
829 2207 932 2260 oppug-

77 2286 143 2325 nare
163 2270 260 2340 coepit.
297 2270 403 2335 Quibus
425 2270 536 2325 fortiter
553 2267 746 2323 resistentibus
762 2267 857 2323 vineas
873 2270 931 2321 tur-

77 2363 177 2417 resque
189 2347 252 2416 egit.
289 2347 335 2402 illi
350 2347 418 2406 alias
432 2347 576 2416 eruptione
591 2347 704 2410 tentata,
720 2344 787 2398 alias
801 2342 932 2398 cuniculis
982 2372 988 2382 ι

78 2422 114 2476 ad
126 2439 253 2491 aggerem
266 2422 413 2493 vineasque
424 2423 503 2490 actis,
512 2420 591 2489 cujus
603 2421 643 2475 rei
655 2423 721 2476 sunt
731 2420 811 2488 longe
822 2417 932 2487 peritis-
998 2465 1002 2474 .

78 2498 139 2552 simi
164 2498 304 2567 Aquitani,
328 2502 476 2567 propterea
500 2497 575 2567 quod
598 2496 692 2551 multis
709 2495 776 2549 locis
792 2493 867 2564 apud
884 2509 932 2547 cos

80 2573 201 2627 aerariae
221 2573 452 2644 structurne[que]
469 2576 540 2640 sunt,
556 2573 605 2626 ubi
620 2571 763 2640 diligentia
777 2573 932 2623 nostrorum
988 2594 993 2606 ·

77 2647 145 2701 nihil
166 2648 209 2702 his
230 2648 313 2704 rebus
333 2649 428 2718 profici
448 2665 528 2717 posse
549 2648 752 2712 intellexeruut,
769 2646 876 2714 legatos
895 2643 933 2696 ad

80 2722 207 2778 Crassum
217 2725 332 2779 mittunt
343 2740 426 2794 seque
437 2724 466 2777 in
478 2723 647 2778 deditionem
658 2725 691 2775 ut
701 2721 815 2790 recipiat
826 2721 933 2789 petunt.

81 2798 182 2863 Quare
193 2801 341 2869 impetrata
352 2816 429 2854 arma
439 2798 551 2854 tradere
559 2799 631 2868 jussi
642 2797 751 2852 iaciunt.
858 2835 867 2843 .

131 2878 173 2928 22.
215 2876 310 2944 Atque
334 2876 363 2929 in
386 2892 420 2929 ea
441 2891 473 2929 re
496 2874 617 2929 emnium
639 2876 796 2928 nostrorum
819 2871 933 2926 intentis

80 2948 177 3002 animis
193 2950 247 3003 alia
262 2966 297 3004 ex
308 2953 388 3018 parte
400 2949 494 3019 oppidi
508 2949 731 3016 Adcantuanuus,
742 2947 790 3017 qui
799 2957 933 3002 summam

81 3022 186 3089 imperii
207 3024 330 3091 tenebat,
350 3040 413 3079 cum
436 3038 471 3078 nc
496 3023 713 3094 devotis-quos
736 3023 776 3077 illi
799 3022 934 3077 soldurios
1000 3051 1034 3068 ω

81 3096 227 3162 appellant,
240 3113 354 3164 quorum
366 3099 434 3152 haec
448 3103 492 3152 est
508 3100 628 3154 conditio
643 3104 676 3155 ut
692 3099 817 3154 omnibus
832 3099 860 3152 iu
876 3099 934 3153 vita

82 3169 230 3223 commodis
249 3188 304 3224 rma
323 3187 384 3225 cum
405 3172 448 3225 his
466 3173 595 3228 fruantur
614 3192 730 3244 quorum
750 3192 780 3230 se
797 3174 934 3229 amicitiae
