2175 3409
66 118 98 166 86
319 117 347 166 O.
370 116 472 166 JULII
495 116 668 168 CAESARIS

62 198 136 266 juris
148 197 177 252 in
190 213 220 254 so
232 196 380 253 multitudo
392 214 474 267 quam
485 199 545 267 ipse
561 200 590 253 in
603 199 816 256 multitudinem.
851 201 923 256 civi-

66 275 118 328 tati
139 289 221 343 porro
241 274 310 327 hanc
331 273 414 328 fuisse
437 273 503 328 belli
528 292 645 344 causam,
666 276 742 345 quod
761 278 922 345 repentinae

67 349 206 403 Gallorum
234 348 414 416 conjmationi
443 350 575 405 resistere
598 368 651 405 non
675 352 811 421 potuerit:
835 352 865 405 id
891 368 922 407 se

64 425 145 480 facile
163 441 197 479 ex
212 425 368 480 humilitate
383 442 433 480 sua
448 426 567 495 probare
581 442 670 495 posse,
687 427 761 494 quod
778 443 833 480 non
852 427 921 482 adeo

66 502 103 556 sit
118 500 262 571 imperitus
278 517 371 555 rerum
389 505 422 556 ut
440 500 497 556 suis
516 503 601 570 copiis
618 502 748 571 populum
768 501 921 557 Romanum

67 578 188 643 superari
211 593 291 646 posse
319 576 454 643 confidat;
482 577 533 631 sed
559 577 753 633 asseculae
777 594 922 634 commune

65 654 221 718 consilium;
239 653 362 706 omnibus
374 652 496 707 hibernis
509 653 634 707 Caesaris
645 653 834 723 oppugnandis
848 651 921 708 hun'c

67 746 128 783 csse
147 729 251 783 dictum
270 728 350 797 diem,
368 745 404 782 ne
420 745 476 798 qua
494 728 565 797 legio
584 730 664 783 alteri
680 730 780 798 legioni
799 729 920 784 subsidio

66 806 159 859 venire
176 809 282 873 posset:
297 821 351 859 non
367 805 446 859 facile
462 804 555 859 Gallos
572 805 657 858 Gallis
673 822 774 873 negare
789 805 919 874 potuisse,

65 882 228 951 praesertim
240 897 324 951 quum
336 879 372 935 de
383 881 563 949 reciperando
574 881 710 935 communi
722 881 850 935 libertate
858 898 920 934 oon·

67 957 156 1011 silium
174 956 272 1009 initum
290 956 439 1012 videretur.
475 956 581 1022 Quibus
600 958 729 1026 quoniam
747 974 797 1027 pro
814 957 921 1025 pietate

67 1033 236 1100 satisfecerit,
246 1031 348 1098 habere
357 1049 428 1085 nunc
441 1032 615 1087 serationem
627 1034 707 1087 officii
719 1050 769 1103 pro
780 1032 920 1087 beneficiis

68 1108 191 1163 Caesaris
199 1129 206 1174 ;
222 1125 340 1176 monere,
354 1124 432 1162 orare
448 1107 584 1162 Titurimn
600 1124 651 1177 pro
667 1107 794 1177 hospitio,
806 1112 839 1163 ut
854 1125 920 1163 suae

66 1201 98 1238 ac
114 1184 230 1238 militum
248 1185 329 1239 saluti
345 1183 481 1239 consulat:
500 1200 625 1251 magnam
643 1186 761 1238 manum
773 1185 921 1238 Germano·

66 1276 128 1313 rum
144 1260 305 1315 conductam
321 1258 448 1315 Rhenum
466 1260 612 1324 transisse;
628 1260 698 1314 hanc
715 1260 811 1313 adfore
828 1259 918 1313 biduo.

68 1335 195 1404 Ipsorum
217 1352 278 1390 esse
298 1337 439 1390 consilium
462 1335 683 1403 velintno'prius
706 1336 788 1404 quam
811 1334 919 1388 finitimi

67 1412 187 1466 sentiant
207 1411 328 1465 eductos
341 1428 376 1465 ex
393 1411 513 1464 bibernis
528 1410 630 1464 milites
645 1414 695 1464 aut
710 1411 746 1465 ad
763 1409 919 1464 Ciceronem

68 1485 164 1540 autad
176 1486 327 1540 Labienum
338 1486 482 1553 deducere,
495 1502 611 1555 quorum
623 1486 694 1540 alter
705 1486 780 1539 milia
790 1502 919 1555 passuum

67 1561 176 1616 circiter
194 1576 218 1627 u,
239 1561 311 1616 alter
331 1562 411 1629 paulo
430 1562 545 1630 amplius
566 1562 602 1616 ab
622 1562 656 1615 iis
676 1562 755 1616 absit.
792 1561 867 1615 lllud
889 1578 920 1616 so

66 1637 188 1707 polliceri
200 1641 229 1692 et
242 1636 424 1705 jurejurando
436 1638 605 1704 confirmare,
617 1640 709 1692 tutum
720 1638 775 1692 iter
785 1653 836 1706 per
851 1637 920 1691 fines

68 1712 213 1777 daturum;
235 1713 311 1780 quod
330 1729 414 1781 quum
432 1713 521 1781 iaciat,
537 1716 568 1767 et
583 1712 688 1767 civitati
704 1730 764 1766 sese
780 1712 920 1767 consulere

69 1788 143 1857 quod
158 1787 281 1844 hibernis
296 1785 410 1856 levetur,
423 1792 453 1843 et
468 1788 580 1848 Caesari
594 1805 645 1858 pro
661 1787 722 1856 ejus
738 1788 843 1841 meritis
858 1804 920 1856 gra·

67 1864 136 1918 tiam
148 1864 258 1928 referre.
296 1861 356 1919 Hac
368 1865 492 1919 oratione
502 1860 597 1918 habita
609 1863 727 1918 discedit
739 1863 890 1918 Ambiorix

120 1946 160 1996 28.
198 1940 345 2010 Arpineius
358 1944 388 1995 ct
399 1941 500 1993 Junius
512 1956 584 2009 quae
600 1939 747 1993 audierunt
763 1939 799 1992 ad
815 1939 920 2006 legatos

68 2016 203 2071 deferunt.
241 2016 286 2070 Illi
297 2017 441 2085 repentina
453 2032 483 2070 re
494 2014 658 2084 perturbati,
672 2014 725 2068 etsi
742 2013 776 2067 ab
792 2014 872 2067 hoste
887 2029 921 2068 ea

69 2089 238 2161 dicebantur,
250 2095 343 2147 tamen
359 2109 414 2146 non
426 2092 591 2161 negligenda
607 2089 817 2156 existimabant3
835 2090 920 2144 maxi·

69 2186 167 2239 meque
178 2169 229 2223 bac
240 2185 271 2223 re
282 2168 521 2238 permovebantur,
533 2167 609 2236 quod
621 2168 761 2221 civitatem
773 2165 920 2234 ignobilem

68 2241 159 2315 atque*
168 2245 299 2301 humilem
318 2245 476 2299 Eburonum
494 2260 544 2297 sua
563 2248 659 2311 sponte
677 2243 778 2312 populo
798 2242 920 2297 Romano

68 2319 171 2375 bellum
187 2321 277 2376 iacere
297 2337 390 2375 ausam
409 2321 455 2375 vix
474 2324 535 2375 erat
553 2319 728 2374 credendum.
765 2318 866 2388 Itaque
883 2317 921 2371 ad

69 2397 209 2451 consilium
232 2414 291 2451 rem
315 2397 450 2463 deferunt
469 2412 623 2464 magnaque
645 2395 718 2449 inter
740 2410 788 2449 eos
811 2395 921 2449 exsistit

51 2473 257 2561 4controversia'
298 2473 328 2527 t.
354 2471 556 2526 Aurunculeius
583 2470 791 2539 compluresque
818 2469 921 2523 tribuni

140 2566 187 2602 um
199 2553 228 2603 et
239 2548 390 2616 primorum
403 2549 529 2603 ordinum
545 2548 717 2602 centuriones
732 2546 799 2599 nihil
816 2548 933 2612 temero,

69 2624 205 2692 agendum
223 2640 312 2693 neque
328 2641 364 2679 ex
378 2624 499 2678 bibernis
514 2623 619 2691 injussu
636 2622 760 2677 Caesaris
780 2608 927 2676 discedon!

70 2699 136 2752 dum
148 2699 352 2755 existimabant:
366 2699 523 2768 quantasvis
532 2700 623 2768 copias
631 2697 714 2752 etiam
724 2698 922 2752 Germanorum

71 2775 200 2829 sustineri
223 2792 303 2844 posse
325 2776 438 2830 munitis
460 2775 582 2830 bibernis
606 2773 755 2829 docebant:
778 2790 837 2827 rem
860 2788 922 2827 esse

70 2849 234 2918 testimonio,
246 2850 321 2919 quod
332 2851 450 2920 primum
460 2852 582 2905 hostium
594 2851 734 2919 impetum,
744 2849 838 2903 multis
848 2848 921 2902 ultro

71 2923 228 2978 vulneribus
239 2926 331 2995 illatis,
339 2927 488 2981 fortissime
499 2926 691 2981 sustinuerint:
703 2942 735 2979 re
743 2921 923 2978 frumentaria

71 3013 125 3049 non
140 3000 241 3065 premi:
253 3001 359 3055 interea
370 3005 400 3055 et
411 3018 445 3056 ex
457 3002 589 3072 proximis
601 3001 723 3056 bibernis
734 3005 764 3055 et
775 3017 792 3054 a
804 2999 923 3053 Caesare

73 3075 923 3146 conventurasubsidiazpostremo,quidessclcviusautturpius

73 3160 155 3209 quam
166 3151 276 3201 auctore
286 3148 367 3203 hoste
378 3149 414 3204 de
425 3153 537 3204 summis
548 3152 632 3206 rebus
648 3167 746 3222 capere
762 3148 923 3205 consiliunt
