2175 3409
49 107 81 153 60
310 103 338 149 O.
356 100 459 149 ‹JULII
475 101 648 150 CAESARIS

47 185 126 239 fectis
143 183 311 251 navibusque
328 198 423 235 eorum
441 182 587 250 occupetis,
608 182 768 250 priusquam
786 198 819 236 ea
836 198 900 251 pars

48 261 238 329 Menapiorum
251 275 321 327 quae
333 258 402 312 eitra
419 258 545 311 Rhenum
559 258 664 327 [quieta
678 259 706 310 in
714 259 770 312 suis
778 259 900 328 sedibus]

48 342 108 391 erat
129 337 230 391 certior
251 335 338 401 fieret,
358 335 458 388 flumen
480 335 649 388 transierunt
670 338 754 403 atque
775 335 900 388 omnibns

48 429 143 467 eorum
164 411 295 467 aedificiis
316 411 454 479 occupatis
475 410 610 479 reliquam
628 417 736 479 partem
756 411 853 465 hiemis
869 427 901 465 se

49 505 145 543 eorum
156 488 242 557 copiis
254 487 387 541 aluerunt.

101 571 124 618 5.
156 565 208 617 His
222 564 257 616 de
266 563 347 616 rebus
358 563 458 616 Cacsar
467 563 568 618 certior
576 563 664 617 iactus
674 567 703 618 et
711 563 900 618 infirmitatem

49 641 187 695 Gallorum
198 640 310 706 veritus,
318 638 393 708 quod
402 643 466 693 sunt
474 639 503 693 in
512 639 630 692 consiliis
639 640 778 708 capiendis
787 640 901 693 mobiles

49 721 79 770 et
101 718 176 770 novis
200 716 360 784 plerumque
382 714 463 769 rebus
485 714 606 782 student,
625 715 693 768 1111111
713 716 757 769 his
777 716 901 769 commit

49 792 164 845 tendum
185 790 359 846 existimavit.
397 790 447 843 Est
468 794 561 845 antem
581 791 631 845 hoc
653 791 772 848 Gallicae
790 808 900 846 consue

48 868 158 934 tudinis,
169 869 209 921 uti
222 871 251 921 et
263 867 381 921 viatores
394 866 477 921 etiam
488 868 589 921 invitos
601 868 748 921 consistere
761 871 860 936 cogant
871 871 900 921 et

49 944 123 1012 qnod
133 944 249 1013 quisque
258 960 352 998 eorum
362 944 398 1002 de
408 959 517 1012 quaque
525 961 556 997 re
563 944 681 1019 audierit
689 948 737 998 aut
745 944 901 1011 cognoverit
947 1002 950 1008 ,
961 997 965 1004 ,

50 1024 189 1088 quaerant
201 1026 231 1075 et
247 1025 413 1075 mercatores
429 1020 457 1073 in
474 1020 582 1089 oppidis
599 1021 696 1088 vulgus
711 1020 900 1088 circumsistat,

49 1096 203 1165 quibusque
222 1113 259 1154 ex
281 1096 436 1164 regionibus
455 1097 566 1150 veniant
584 1113 706 1165 quasque
723 1096 761 1150 ibi
779 1114 822 1150 res
840 1113 897 1163 cog·

49 1173 176 1226 noverint
199 1173 376 1242 pronuntiare
400 1177 507 1241 cogent.
545 1172 602 1226 llis‘
618 1173 700 1227 rebus
721 1177 806 1242 atque
827 1172 901 1226 audi·

50 1249 168 1302 tionibus
181 1249 297 1317 permoti
310 1248 345 1302 de
358 1249 470 1303 sunnnis
482 1263 564 1318 saepe
577 1248 658 1304 rebus
670 1250 783 1304 consilia
798 1250 900 1315 ineunt,
917 1283 920 1288 -

50 1342 166 1393 qnorum
191 1341 237 1378 ens
260 1325 288 1377 in
313 1308 426 1392 vestigio
449 1326 590 1393 poenitere
614 1341 724 1379 neccsse
745 1328 795 1390 est,
817 1341 901 1392 quum

49 1401 159 1455 incertis
177 1401 331 1456 rumoribus
349 1401 469 1455 serviant
487 1405 516 1454 et
534 1400 659 1468 plerique
676 1401 713 1453 nd
733 1401 901 1454 voluntatem

50 1492 144 1529 eorum
157 1477 222 1530 fiete
234 1476 426 1543 respondeant,

103 1557 127 1606 6.
165 1552 224 1616 Qua
248 1551 445 1605 cousuetudine
462 1553 579 1618 ‘cognita
600 1551 708 1617 Caesar,
730 1567 765 1605 ne
783 1551 902 1619 graviori

52 1626 121 1681 bello
134 1630 295 1693 occurreret,
306 1628 440 1681 maturius
453 1644 534 1695 quam
547 1630 690 1682 consuerat
701 1627 739 1691 ad
749 1627 901 1681 exercitum

23 1755 26 1761 ,
50 1702 236 1772 proficiscitur.
268 1703 308 1756 llo
320 1719 404 1772 quum
417 1703 542 1768 venisset,
554 1719 586 1756 ea
598 1719 668 1770 quae
680 1703 739 1756 fore
751 1703 901 1771 suspicatus

50 1782 111 1832 erat
126 1779 198 1834 facta
214 1779 354 1846 cognovit:
373 1781 470 1833 misses
482 1779 632 1846 legationes
644 1778 679 1831 ab
691 1778 825 1832 nonnullis
837 1779 901 1831 ciri-

50 1853 156 1907 tatibns
176 1853 212 1906 nd
233 1854 390 1922 Germanos,
412 1856 597 1924 invitatosque
618 1871 664 1908 eos
685 1855 726 1908 uti
747 1855 781 1908 ab
807 1855 901 1908 ltlreno

50 1929 231 1993 discederent,
256 1931 399 1999 omniaque
426 1949 496 2001 quae
522 1932 707 1999 postulassent
731 1932 765 1986 ab
791 1948 821 1984 se
844 1931 901 1983 fore

50 2009 153 2073 parata.
198 2006 259 2070 Qua
281 2023 330 2073 spe
353 2007 464 2061 adducti
490 2008 618 2061 Germani
639 2007 722 2062 latins
742 2008 800 2076 jam
823 2023 901 2074 vagn-

52 2080 152 2134 bantur
164 2085 193 2135 et
205 2082 232 2134 in
247 2082 316 2136 fines
328 2083 487 2154 Eburonum
506 2087 534 2136 et
552 2084 762 2150 Condrusorum,
775 2084 821 2151 qui
838 2086 901 2135 sunt

52 2156 225 2210 Trevirorum
242 2158 362 2222 clientes,
381 2163 570 2228 pervenerant.
610 2159 779 2228 Principibus
797 2157 901 2212 Galliae

51 2232 171 2312 evoqatis
190 2233 290 2290 Caesar
308 2251 428 2303 eaquae
449 2239 613 2303 cognoverat
634 2235 829 2288 dissimulanda
848 2233 900 2286 sibi

51 2308 226 2375 existimauit,
245 2326 394 2378 eorumque
412 2311 509 2363 animis
526 2310 671 2379 permulsis
688 2314 718 2363 et
736 2310 912 2363 confirmatis·

51 2384 230 2452 equitatuque
259 2386 392 2453 imperato
420 2386 521 2440 bellum
545 2402 607 2439 cum
636 2385 779 2439 Germanis
805 2400 902 2451 gerere

51 2459 200 2513 constituit.

104 2541 126 2593 7.
164 2536 205 2589 Re
218 2536 397 2591 frumentaria
409 2540 566 2605 comparata
582 2535 776 2604 equitibusque
789 2536 902 2590 delectis

50 2610 105 2662 iter
121 2609 156 2675 111,
168 2627 201 2664 ea
219 2611 278 2666 loca
295 2612 384 2665 iacere
403 2612 499 2680 coepit,
512 2611 611 2679 qulbus
629 2611 656 2664 in
675 2611 741 2663 locis
758 2628 818 2664 esse
837 2611 903 2665 Ger-

51 2701 145 2738 manos
157 2685 296 2740 audiebat.
327 2688 353 2739 A
367 2687 466 2754 quibus
479 2704 563 2755 quum
577 2703 723 2755 pancorum
733 2686 839 2740 dierum
848 2686 902 2740 iter

50 2760 168 2827 abesset,
181 2757 265 2828 legati
279 2761 313 2814 ab
326 2761 367 2813 his
380 2767 521 2827 venerunt,
531 2777 647 2830 qnorum
659 2761 726 2815 haec
738 2762 791 2815 fnit
800 2762 900 2816 oratio:

52 2836 202 2889 Germanos
215 2853 303 2904 neque
315 2837 421 2905 priores
433 2839 532 2908 populo
547 2838 668 2891 Romano
682 2837 785 2890 bellum
801 2836 902 2889 inferre

51 2925 140 2975 neque
152 2913 244 2964 tamen
257 2928 391 2980 recusare,
405 2915 427 2966 si
439 2915 613 2979 lacessantur,
623 2914 688 2982 quin
701 2915 783 2967 armis
795 2917 902 2966 conten-

52 2982 126 3047 dant,
134 2986 208 3051 quod
221 2986 418 3041 Germanorum
427 2988 596 3043 consuetudo
605 2990 718 3043 lraecsit
727 3006 743 3042 a
752 2988 902 3057 majoribus

52 3056 160 3120 tradita,
174 3061 337 3128 quicumque
353 3062 454 3116 bellum
468 3065 595 3131 inferant,
607 3065 735 3119 resistere
751 3081 840 3134 neque
854 3064 901 3117 de·

51 3131 165 3198 precari.
202 3132 278 3190 Haeo
299 3137 390 3188 tamen
412 3137 516 3193 dicere:
542 3139 649 3192 venisse
672 3140 778 3202 inritos,
799 3140 902 3208 ejectos

1 3285 57 3371 ι
