2175 3409
523 85 635 133 Lrsnu
652 86 674 134 1.
877 51 881 58 ’
993 90 1025 138 as

172 180 227 232 que
238 163 331 233 populi
343 163 459 217 Romani
471 165 696 220 consuetudinem
706 165 766 233 pati
778 165 820 219 uti
832 165 935 236 optime
943 166 1025 221 meri-

172 242 216 293 tos
232 240 318 293 socios
335 239 483 308 desereret,
500 257 598 310 neque,
609 258 639 295 se
653 241 779 309 judicare
799 241 914 295 Galliam
933 242 1025 311 potius

172 331 233 368 esse
254 316 388 369 Ariovisti
409 332 491 385 quam
507 317 602 386 populi
621 317 746 372 Romani.
782 317 861 371 Bello
880 322 1024 388 superatos

172 406 233 444 esse
246 393 386 445 Arvernos
398 394 428 445 et
440 391 565 446 Rutenos
577 392 613 446 ab
629 393 660 458 Q.
675 392 761 447 Fabio
776 392 906 460 Maximo,
924 393 1025 463 quibus

170 466 287 534 populus
300 466 439 521 Romanus
451 467 601 535 ignovisset
612 484 703 537 neque
717 468 746 521 in
762 469 928 538 provinciam
945 469 1024 525 rede

171 541 259 608 gisset
281 558 371 611 neque
395 542 563 611 stipendium
587 543 771 611 imposuisset.
809 543 889 609 Quod
912 544 934 599 si
955 546 1025 599 anti-

172 617 480 687 quissimum'quodque
499 621 610 687 tempus
628 618 747 687 spectari
765 622 914 689 oporteret,
931 622 1024 689 populi

173 693 289 747 Romani
298 693 482 762 justissimum
500 710 561 748 esse
576 694 605 748 iu
623 694 712 749 Gallia
730 694 890 764 imperium:
910 695 934 749 si
948 695 1021 764 jndi-

171 768 243 822 cium
257 772 369 823 senatus
385 769 524 823 observari
541 772 690 838 oporteret,
709 770 823 825 liberam
841 769 945 826 debere
963 787 1024 826 esse

172 844 288 898 Calliam
300 861 383 914 quam
395 843 467 898 bello
479 845 580 899 victam
592 845 648 899 suis
660 845 768 913 legibus
779 846 822 899 uti
833 846 971 901 voluisset.

216 926 265 975 46.
301 920 455 974 Dumnaco
467 920 496 973 in
507 920 642 989 colloquio
653 923 794 989 geruntur,
808 921 919 976 Caesari
935 923 1025 976 nunti-

171 997 248 1049 atum
272 1000 316 1050 est
332 996 441 1065 equites
459 996 592 1050 Ariovisti
610 996 722 1065 propius
739 996 875 1050 tumulum
893 997 1024 1052 accedere

172 1075 203 1124 et
225 1070 262 1124 ad
284 1074 394 1125 nostros
417 1071 586 1139 adequitare,
605 1071 712 1139 lapides
735 1071 847 1140 telaque
869 1072 899 1126 in
916 1076 1024 1127 nostros

171 1146 313 1215 conjicere.
351 1147 452 1201 Caesar
468 1146 599 1215 loquendi
617 1146 699 1200 linem
716 1146 788 1213 facit,
805 1163 890 1216 seque
907 1147 943 1202 ad
960 1164 1023 1202 snos

171 1222 278 1291 recepit
295 1222 406 1291 suisque
428 1222 574 1292 imperavit
596 1238 632 1277 ne
655 1221 730 1291 quod
753 1221 862 1276 omnino
885 1222 972 1277 telum
995 1223 1023 1277 in

172 1295 266 1351 hostes
282 1297 438 1366 rejicerent.
473 1298 546 1351 Nam
558 1298 613 1352 etsi
629 1297 688 1351 sine
702 1298 758 1351 ullo
774 1298 896 1367 periculo
909 1298 1024 1367 legionis

172 1372 296 1427 delectae
319 1389 382 1427 cum
407 1373 534 1443 equitatu
558 1373 692 1442 proelium
716 1373 775 1427 iore
792 1374 912 1442 videbat,
930 1378 1023 1429 tamen

171 1448 284 1502 commit
285 1449 400 1503 tendum
410 1465 464 1502 non
475 1448 593 1516 putabat
604 1452 636 1503 nt
647 1448 734 1519 pulsis
750 1448 876 1504 hostibus
891 1450 947 1505 dici
962 1466 1023 1518 pos-

172 1526 216 1577 set
239 1540 286 1578 eos
310 1523 345 1577 ab
369 1540 399 1578 se
422 1524 611 1593 perfidem
603 1541 631 1579 ιιι
657 1524 792 1593 colloquio
817 1517 1022 1581 circumventos

173 1599 376 1687 Posteaquam
368 1617 398 1653 m
409 1600 506 1668 vulgus
518 1598 637 1654 militum
648 1600 751 1655 elatum
764 1603 815 1669 est,
828 1617 883 1669 qua
894 1618 1023 1670 arrogan-

171 1661 238 1728 tia
230 1692 259 1728 m
276 1675 412 1744 colloquio
433 1675 590 1730 Ariovistus
608 1693 675 1731 usus
693 1676 766 1730 omui
785 1676 874 1731 Gallia
893 1676 1023 1733 Romanis

171 1750 369 1817 interdixisset
381 1750 590 1819 impetumque
581 1768 610 1805 ιιι
621 1755 730 1806 nostros
746 1751 806 1821 eJ'us
822 1752 930 1822 equites
947 1753 1023 1807 fecis

171 1829 241 1893 sent,
254 1842 343 1895 eaque
360 1842 406 1880 res
422 1826 586 1896 colloquium
600 1832 633 1881 ut
650 1827 813 1897 diremisset,
831 1827 918 1883 multo
935 1828 1024 1898 maJ‘or

172 1901 298 1956 alacritas
310 1901 487 1971 studiumque
498 1902 638 1971 pugnandi
650 1902 739 1972 maius
748 1903 881 1957 exercitui
889 1904 1023 1973 injectum

172 1980 223 2032 est.
529 2021 536 2038 .

224 2054 266 2110 47.
301 2052 393 2106 Biduo
416 2056 480 2122 post
505 2052 661 2107 Ariovistus
685 2052 723 2108 ad
747 2053 893 2109 Caesarem
917 2055 1023 2125 legatos

171 2127 272 2184 mittit:
291 2128 372 2183 Velle
384 2145 414 2182 se
426 2128 462 2183 de
473 2128 517 2182 his
528 2128 613 2183 rebus
624 2135 695 2197 quae¹
706 2130 780 2185 inter
791 2148 839 2186 eos
851 2131 896 2200 agi
907 2135 1022 2202 coeptae

171 2219 262 2271 neque
280 2204 421 2272 perfectae
436 2207 529 2259 essent
545 2221 628 2272 agere
643 2220 705 2260 cum
724 2222 771 2259 eo:
789 2207 832 2261 uti
852 2211 901 2262 aut
921 2207 1022 2263 iterum

171 2279 304 2348 colloquio
316 2279 389 2333 diem
401 2280 589 2347 constitueret,
601 2282 649 2334 aut
661 2281 684 2334 si
696 2281 726 2335 id
736 2282 827 2336 minus
840 2283 924 2338 vellet
939 2285 1023 2341 esuis

171 2354 247 2423 legat
235 2355 270 2408 tis
288 2354 406 2423 aliquem
423 2355 460 2408 ad
483 2372 514 2410 se
538 2356 670 2411 mitteret
706 2357 886 2426 Colloquendi
912 2359 1022 2416 Caesari

172 2446 253 2486 causa
275 2430 333 2484 visa
349 2447 403 2502 non
420 2434 469 2496 est,
487 2435 516 2487 et
534 2448 567 2486 eo
583 2433 672 2501 magis
690 2433 765 2522 quod
781 2434 871 2501 pridie
888 2434 949 2504 ejus
967 2437 1022 2491 diei

172 2506 302 2560 Germani
314 2492 428 2560 retineri
439 2524 492 2561 non
504 2510 633 2597 poterant
650 2510 716 2579 quin
728 2510 757 2563 in
769 2514 875 2586 nostros
890 2512 947 2566 tela
960 2529 1023 2567 con-

163 2580 293 2650 ,jiccrent
330 2582 417 2650 Legat
416 2600 463 2637 um
478 2600 496 2642 e
509 2584 566 2638 suis
582 2601 642 2639 sese
657 2601 757 2653 magno
773 2583 835 2641 cum
835 2587 970 2656 periculo
986 2590 1022 2644 ad

172 2674 235 2711 eum
247 2657 392 2712 missurum
404 2662 434 2714 et
444 2659 601 2715 hominibus
614 2660 681 2715 ieris
695 2661 868 2729 objecturum
883 2664 1023 2719 existima-

171 2732 229 2787 bat.
266 2733 552 2790 Commodissimum
526 2737 706 2791 meumestC.
715 2737 856 2792 Valerium
867 2739 1022 2810 Procillum,

172 2807 203 2863 C
216 2809 309 2863 Valeri
328 2809 428 2864 Caburi
446 2813 540 2880 filiurn,
559 2829 666 2867 summa
682 2813 786 2868 virtute
804 2819 834 2868 et
850 2814 1022 2872 humanitate

171 2884 380 2953 adolescentem,
395 2886 472 2955 cujus
487 2892 566 2957 pater
584 2905 601 2941 a
618 2889 647 2943 C
666 2888 778 2943 Valerio
797 2890 893 2958 Flacco
911 2892 1022 2947 civitate

171 2950 289 3014 donatus
303 2965 398 3025 erate,
383 2966 412 3016 et
428 2969 541 3034 propter
558 2965 641 3018 fidem
658 2967 687 3018 et
703 2968 817 3034 propter
832 2942 940 3032 linguae
959 2968 1022 3020 Gal-

171 3036 239 3089 licae
248 3036 389 3090 scientiam
407 3056 461 3105 qun
472 3042 559 3094 rrnrlta
567 3041 625 3104 jam
640 3040 794 3092 Ariovistus
805 3040 952 3107 longinqua
962 3058 1021 3092 con-
