2175 3409
458 106 568 154 LIBER
585 105 665 153 vul.
930 112 976 160 173

33 247 43 264 ,,
126 190 246 257 repente
268 189 352 242 cautu
375 185 505 242 tubarum
525 189 672 241 convocato
692 167 868 255 conclamant,
891 187 977 256 legati

126 265 294 331 obsidesque
305 263 342 318 ad
355 263 500 318 Gaesarem
511 265 665 318 mittantur.

32 339 44 408 'ff
115 368 118 372 ,
180 346 221 393 21.
247 340 310 393 Hoc
321 339 447 394 omnibus
456 339 572 409 probato
582 341 693 395 consilio
702 341 841 395 Commius
856 339 977 394 Atrebas

31 413 43 488 ζ’
126 416 224 470 adeos
235 415 358 484 profugit
370 415 750 485 Germanosaquibusadid
761 416 864 471 bellum
875 415 977 468 auxilia

31 494 42 564 'j'
126 494 270 545 mutuatus
282 494 349 545 crat.
384 491 477 546 Ceteri
488 508 505 546 e
515 493 632 560 vestigio
644 494 759 548 mittunt
777 493 814 547 ad
832 492 976 547 Caesarem

32 571 41 588 '¹
126 566 234 635 legatos
245 570 406 637 petuntque,
419 568 460 623 Ut
477 585 510 622 ea
526 585 616 637 poena
632 570 669 623 sit
686 570 831 623 contentus
848 567 977 634 hostium,

31 648 40 668 “·
127 658 211 710 quam
223 641 246 695 si
259 642 317 696 sine
329 641 503 697 dimicatione
514 644 616 698 inferre
628 644 743 712 integris
755 646 854 712 posset,
866 659 916 710 pro
928 658 978 695 sua

31 717 39 784 f*
126 717 273 771 clementia
296 721 381 787 atque
404 718 576 774 humanitate
594 736 743 789 numquam
762 719 886 788 prolecto
903 720 977 771 esset

126 793 270 857 illaturus;
294 793 408 849 afflictas
428 810 493 864 opos
511 796 633 863 equestri
651 795 754 864 proelio
772 794 977 849 Bellovacorum

32 870 38 902 ²>
127 884 204 934 esse;
226 868 394 923 delectorum
417 870 543 939 peditum
566 871 654 925 multa
672 870 747 924 milia
765 869 908 933 interisse;
930 869 977 921 rix

32 957 37 970 ‘¹
126 943 264 1011 refugisse
285 946 397 999 nuncios
415 945 522 1012 caedis;
538 950 630 1010 tamen
648 961 785 1015 magnum,
802 944 880 999 utin
897 947 977 997 tanta

32 1037 36 1042 ·
127 1019 292 1086 calamitate,
305 1020 464 1075 Bellovacos
482 1037 515 1075 eo
532 1023 636 1092 proelio
648 1019 820 1076 commodum
844 1035 905 1072 esse
917 1034 977 1072 con-

31 1111 35 1122 *
127 1097 244 1162 secutos,
253 1095 328 1163 quod
346 1097 472 1163 Correus,
488 1102 585 1152 auctor
596 1097 668 1165 belli,
686 1096 837 1151 concitator
854 1094 977 1148 multitu·

31 1189 34 1198 ·
127 1163 635 1242 dinis,essetinterfectus;numquam
648 1173 722 1226 enim
733 1175 857 1237 senatum
869 1172 977 1224 tantum

31 1267 33 1273 ⁸
126 1244 277 1300 incivitate
289 1245 335 1299 illo
347 1247 407 1301 vivo
420 1249 715 1317 quantumimperitam
725 1246 833 1317 plebem
845 1245 976 1315 potuisse.

127 1320 787 1466 sliitutdttgttffllttttt
799 1320 977 1465 titali

127 1470 234 1525 Galliae
248 1471 375 1526 civitates
392 1469 543 1541 suscepisse
560 1472 677 1538 bellum;
694 1474 909 1544 pertinacissime
926 1472 976 1526 lios

126 1561 161 1599 ex
174 1545 300 1600 omnibus
309 1546 337 1599 in
347 1547 681 1617 sententia'perrnansisse‚
689 1549 821 1618 nequead
831 1549 977 1603 sanitatem

125 1621 294 1690 reliquorum
318 1621 458 1676 deditione
481 1639 542 1676 esse
565 1624 727 1691 perductos:
743 1625 813 1679 scire
832 1627 916 1692 atque
936 1623 976 1676 in·

125 1696 252 1764 telligere
264 1713 294 1752 se
310 1714 417 1751 causam
435 1698 541 1767 peccati
558 1698 685 1753 facillime
704 1701 820 1754 mortuis
840 1698 975 1767 delegari:

125 1772 263 1824 neminem
283 1787 347 1825 vero
367 1775 476 1827 tantum
496 1774 599 1843 pollere
627 1778 660 1829 ut
687 1775 778 1829 invitis
802 1773 976 1844 principibus,

125 1847 273 1901 resistente
284 1850 389 1914 senatu,
401 1849 527 1903 omnibus
538 1849 617 1904 bouis
628 1851 852 1919 repugnantibus,
868 1850 977 1903 infirma

125 1938 209 1975 manu
227 1921 315 1989 plebis
333 1922 436 1977 bellum
456 1925 594 1979 concitare
617 1928 647 1979 et
669 1941 766 1993 gerere
791 1927 900 1993 posset:
926 1924 977 1977 sed

125 1999 223 2052 tamen
234 2014 264 2052 se
276 2001 435 2053 contentum
447 2000 505 2053 fore
520 2016 554 2054 ea
570 2016 664 2069 poena.
676 2016 758 2069 quam
776 1999 829 2053 sibi
845 1999 899 2069 ipsi
915 2015 977 2052 con·

125 2074 285 2128 traxissent.

178 2154 221 2202 23.
250 2149 976 2219 Nocteinsequentilegatiresponsaadsuosreferunt,

124 2223 236 2278 obsides
258 2225 412 2279 conficiunt.
448 2227 623 2279 Concurrunt
642 2226 810 2293 reliquarum
833 2223 976 2279 civitatum

124 2299 217 2367 legati,
247 2315 317 2368 quae
352 2301 558 2355 Bellovacorum
594 2300 807 2370 speculabantur
838 2304 975 2355 eventum.

71 2373 75 2386 '
125 2374 247 2429 Obsides
264 2375 339 2444 dant,
351 2377 484 2446 imperata
496 2378 608 2445 faciunt,
620 2380 735 2446 excepto
751 2375 880 2443 Commio,
893 2375 975 2445 quem

35 2473 42 2518 j.
124 2452 210 2505 timor
222 2450 386 2518 prohibebat
394 2453 556 2521 cujusquam
564 2452 630 2506 fidei
648 2468 725 2506 suam
743 2451 916 2506 committere
934 2468 976 2506 sa-

123 2527 219 2581 lutem.
249 2526 320 2580 Nam
345 2529 485 2596 superiore
508 2545 578 2583 anno
602 2529 631 2583 Τ.
655 2528 799 2595 Labienus,
813 2529 930 2601 Caesare
947 2529 976 2582 in

123 2602 214 2656 Gallia
225 2602 353 2656 citeriore
360 2602 408 2671 jus
417 2604 534 2672 dicente,
544 2622 628 2674 quum
636 2604 788 2659 Commium
797 2604 976 2674 comperisset

86 2719 90 2724 .
123 2676 272 2731 sollicitare
291 2678 417 2733 civitates
435 2682 465 2733 et
482 2679 698 2749 conjurationem
716 2684 812 2735 contra
830 2679 975 2734 Gaesarem

120 2752 221 2820 facero,
245 2753 438 2809 infidelitatem
459 2756 519 2824 ejus
542 2756 601 2810 siue
623 2757 680 2812 ulla
702 2756 820 2826 perfidia
838 2756 976 2824 judicarit

121 2828 265 2897 comprimi
277 2845 364 2896 posse.
402 2830 489 2895 Quem
502 2831 632 2900 quianon
644 2831 832 2886 arbitrabatur
848 2834 975 2885 vocatum

83 2927 86 2933 ·
121 2903 151 2956 in
169 2907 261 2957 castra
272 2908 426 2970 venturum,
442 2922 477 2959 ue
495 2907 630 2960 tentando
647 2907 796 2961 cautiorem
814 2907 926 2971 faceret,
944 2906 975 2960 0.

120 2979 296 3033 Volusenum
309 2980 480 3045 Quadratum
492 2982 568 3035 misit
579 2984 626 3051 qui
639 2998 701 3036 eum
713 2999 763 3050 por
773 2981 974 3036 simulationem

119 3055 251 3123 colloquii
263 3059 374 3109 curaret
385 3056 610 3110 interficiendum.
646 3058 693 3110 Ad
705 3074 765 3110 eam
778 3074 836 3110 rom
852 3056 974 3110 delectos

117 3129 259 3250 [idppeos]
276 3129 302 3214 ci
319 3130 407 3202 tradit
423 3133 602 3188 centuriones.
646 3133 735 3198 Quum
759 3133 786 3184 in
811 3131 972 3198 colloquium
