<?xml version="1.0" encoding="UTF-8"?>
<!DOCTYPE html PUBLIC "-//W3C//DTD XHTML 1.0 Transitional//EN"
    "http://www.w3.org/TR/xhtml1/DTD/xhtml1-transitional.dtd">
<html xmlns="http://www.w3.org/1999/xhtml" xml:lang="en" lang="en">
 <head>
  <title>
</title>
<meta http-equiv="Content-Type" content="text/html;charset=utf-8" />
  <meta name='ocr-system' content='tesseract 3.04.00' />
  <meta name='ocr-capabilities' content='ocr_page ocr_carea ocr_par ocr_line ocrx_word'/>
</head>
<body>
  <div class='ocr_page' id='page_1' title='image "./cjuliicaesarisc00longgoog_0103.png"; bbox 0 0 2175 3409; ppageno 0'>
   <div class='ocr_carea' id='block_1_1' title="bbox 116 116 1014 801">
    <p class='ocr_par' dir='ltr' id='par_1_1' title="bbox 116 116 1014 420">
     <span class='ocr_line' id='line_1_1' title="bbox 315 116 1013 175; baseline 0.009 -8"><span class='ocrx_word' id='word_1_1' title='bbox 315 160 322 175; x_wconf 82' lang='grc'>,</span> <span class='ocrx_word' id='word_1_2' title='bbox 505 116 623 169; x_wconf 82' lang='lat' dir='ltr'>LIBER&#39;</span> <span class='ocrx_word' id='word_1_3' title='bbox 632 118 667 168; x_wconf 85' lang='lat' dir='ltr'>V.</span> <span class='ocrx_word' id='word_1_4' title='bbox 981 126 1013 173; x_wconf 76' lang='lat'>93</span> 
     </span>
     <span class='ocr_line' id='line_1_2' title="bbox 157 196 1013 267; baseline -0.004 -10"><span class='ocrx_word' id='word_1_5' title='bbox 157 215 257 257; x_wconf 53' lang='lat' dir='ltr'>omnes*</span> <span class='ocrx_word' id='word_1_6' title='bbox 269 197 457 255; x_wconf 83' lang='lat' dir='ltr'>removerunt:</span> <span class='ocrx_word' id='word_1_7' title='bbox 474 200 545 253; x_wconf 85' lang='lat' dir='ltr'>nutu</span> <span class='ocrx_word' id='word_1_8' title='bbox 561 196 730 267; x_wconf 72' lang='lat' dir='ltr'>vocibusque</span> <span class='ocrx_word' id='word_1_9' title='bbox 746 197 841 252; x_wconf 85' lang='lat' dir='ltr'>hostes</span> <span class='ocrx_word' id='word_1_10' title='bbox 858 196 881 251; x_wconf 86' lang='lat' dir='ltr'>si</span> <span class='ocrx_word' id='word_1_11' title='bbox 897 197 1013 254; x_wconf 87' lang='lat' dir='ltr'>introire</span> 
     </span>
     <span class='ocr_line' id='line_1_3' title="bbox 120 273 1014 344; baseline -0.006 -10"><span class='ocrx_word' id='word_1_12' title='bbox 120 329 124 336; x_wconf 78' lang='grc'>,</span> <span class='ocrx_word' id='word_1_13' title='bbox 156 278 261 332; x_wconf 74' lang='lat' dir='ltr'>vellent</span> <span class='ocrx_word' id='word_1_14' title='bbox 284 291 380 331; x_wconf 84' lang='lat' dir='ltr'>vocare</span> <span class='ocrx_word' id='word_1_15' title='bbox 396 277 560 344; x_wconf 80' lang='lat' dir='ltr'>coeperunt,</span> <span class='ocrx_word' id='word_1_16' title='bbox 583 289 699 343; x_wconf 88' lang='lat' dir='ltr'>quornm</span> <span class='ocrx_word' id='word_1_17' title='bbox 722 273 853 342; x_wconf 73' lang='lat' dir='ltr'>progredi</span> <span class='ocrx_word' id='word_1_18' title='bbox 869 289 952 328; x_wconf 84' lang='lat' dir='ltr'>ausus</span> <span class='ocrx_word' id='word_1_19' title='bbox 968 279 1014 329; x_wconf 88' lang='lat' dir='ltr'>est</span> 
     </span>
     <span class='ocr_line' id='line_1_4' title="bbox 116 348 1014 420; baseline -0.002 -13"><span class='ocrx_word' id='word_1_20' title='bbox 116 348 135 359; x_wconf 80' lang='grc'><strong><em>”</em></strong></span> <span class='ocrx_word' id='word_1_21' title='bbox 156 365 245 407; x_wconf 90' lang='lat' dir='ltr'>nemo.</span> <span class='ocrx_word' id='word_1_22' title='bbox 269 353 343 407; x_wconf 79' lang='lat' dir='ltr'>&#39;rum</span> <span class='ocrx_word' id='word_1_23' title='bbox 348 351 470 405; x_wconf 83' lang='lat' dir='ltr'>exomni</span> <span class='ocrx_word' id='word_1_24' title='bbox 480 353 562 420; x_wconf 85' lang='lat' dir='ltr'>parte</span> <span class='ocrx_word' id='word_1_25' title='bbox 573 348 710 419; x_wconf 72' lang='lat' dir='ltr'><strong>lapidibus</strong></span> <span class='ocrx_word' id='word_1_26' title='bbox 720 348 1014 419; x_wconf 80' lang='lat' dir='ltr'>conjectisdcturbati,</span> 
     </span>
    </p>

    <p class='ocr_par' dir='ltr' id='par_1_2' title="bbox 135 425 1014 801">
     <span class='ocr_line' id='line_1_5' title="bbox 135 425 500 498; baseline 0.003 -16"><span class='ocrx_word' id='word_1_27' title='bbox 135 447 139 454; x_wconf 93' lang='lat'><em>·</em></span> <span class='ocrx_word' id='word_1_28' title='bbox 157 425 298 498; x_wconf 76' lang='lat' dir='ltr'>turrisque</span> <span class='ocrx_word' id='word_1_29' title='bbox 308 443 439 483; x_wconf 84' lang='lat' dir='ltr'>succensa</span> <span class='ocrx_word' id='word_1_30' title='bbox 450 431 500 483; x_wconf 84' lang='lat' dir='ltr'>est.</span> 
     </span>
     <span class='ocr_line' id='line_1_6' title="bbox 208 500 1012 573; baseline -0.002 -14"><span class='ocrx_word' id='word_1_31' title='bbox 208 510 250 559; x_wconf 73' lang='lat' dir='ltr'>lt</span> <span class='ocrx_word' id='word_1_32' title='bbox 287 504 375 570; x_wconf 76' lang='lat' dir='ltr'>lirant</span> <span class='ocrx_word' id='word_1_33' title='bbox 391 503 421 558; x_wconf 88' lang='lat' dir='ltr'>ln</span> <span class='ocrx_word' id='word_1_34' title='bbox 434 520 468 557; x_wconf 87' lang='lat' dir='ltr'>ea</span> <span class='ocrx_word' id='word_1_35' title='bbox 481 502 588 572; x_wconf 78' lang='lat' dir='ltr'>legione</span> <span class='ocrx_word' id='word_1_36' title='bbox 604 500 746 557; x_wconf 88' lang='lat' dir='ltr'>fortissimi</span> <span class='ocrx_word' id='word_1_37' title='bbox 762 502 815 557; x_wconf 78' lang='lat' dir='ltr'>viri</span> <span class='ocrx_word' id='word_1_38' title='bbox 830 503 1012 573; x_wconf 85' lang='lat' dir='ltr'>centuriones,</span> 
     </span>
     <span class='ocr_line' id='line_1_7' title="bbox 155 578 1013 649; baseline 0 -16"><span class='ocrx_word' id='word_1_39' title='bbox 155 580 206 649; x_wconf 71' lang='lat' dir='ltr'>qen*</span> <span class='ocrx_word' id='word_1_40' title='bbox 218 580 278 647; x_wconf 77' lang='lat' dir='ltr'>jam</span> <span class='ocrx_word' id='word_1_41' title='bbox 292 579 388 649; x_wconf 87' lang='lat' dir='ltr'>primis</span> <span class='ocrx_word' id='word_1_42' title='bbox 402 579 546 633; x_wconf 75' lang='lat' dir='ltr'>ordinibus</span> <span class='ocrx_word' id='word_1_43' title='bbox 559 578 816 647; x_wconf 86' lang='lat' dir='ltr'>appropinquarent,</span> <span class='ocrx_word' id='word_1_44' title='bbox 832 578 862 633; x_wconf 80' lang='grc' dir='ltr'>Τ.</span> <span class='ocrx_word' id='word_1_45' title='bbox 878 578 967 633; x_wconf 89' lang='lat' dir='ltr'>Pulfio</span> <span class='ocrx_word' id='word_1_46' title='bbox 982 582 1013 633; x_wconf 92' lang='lat' dir='ltr'>et</span> 
     </span>
     <span class='ocr_line' id='line_1_8' title="bbox 160 653 1014 724; baseline -0.001 -15"><span class='ocrx_word' id='word_1_47' title='bbox 160 655 189 709; x_wconf 74' lang='lat' dir='ltr'>[a.</span> <span class='ocrx_word' id='word_1_48' title='bbox 202 655 334 711; x_wconf 72' lang='lat' dir='ltr'>varenna</span> <span class='ocrx_word' id='word_1_49' title='bbox 372 655 411 709; x_wconf 89' lang='lat' dir='ltr'>Hi</span> <span class='ocrx_word' id='word_1_50' title='bbox 422 658 572 724; x_wconf 78' lang='lat' dir='ltr'>perpetuae</span> <span class='ocrx_word' id='word_1_51' title='bbox 584 654 658 708; x_wconf 88' lang='lat' dir='ltr'>inter</span> <span class='ocrx_word' id='word_1_52' title='bbox 673 670 703 708; x_wconf 89' lang='lat' dir='ltr'>se</span> <span class='ocrx_word' id='word_1_53' title='bbox 718 654 916 709; x_wconf 80' lang='lat' dir='ltr'>controversias</span> <span class='ocrx_word' id='word_1_54' title='bbox 931 653 1014 708; x_wconf 80' lang='lat' dir='ltr'>habe·</span> 
     </span>
     <span class='ocr_line' id='line_1_9' title="bbox 157 729 1012 801; baseline -0.001 -15"><span class='ocrx_word' id='word_1_55' title='bbox 157 730 355 801; x_wconf 75' lang='lat' dir='ltr'>beueqeuom</span> <span class='ocrx_word' id='word_1_56' title='bbox 376 732 569 798; x_wconf 76' lang='lat' dir='ltr'>anteferretur,</span> <span class='ocrx_word' id='word_1_57' title='bbox 588 729 872 801; x_wconf 26' lang='lat' dir='ltr'>omnibusquesannia</span> <span class='ocrx_word' id='word_1_58' title='bbox 894 730 930 786; x_wconf 91' lang='lat' dir='ltr'>de</span> <span class='ocrx_word' id='word_1_59' title='bbox 952 730 1012 785; x_wconf 93' lang='lat' dir='ltr'>loco</span> 
     </span>
    </p>
   </div>
   <div class='ocr_carea' id='block_1_2' title="bbox 44 805 1011 875">
    <p class='ocr_par' dir='ltr' id='par_1_3' title="bbox 44 805 1011 875">
     <span class='ocr_line' id='line_1_10' title="bbox 44 805 1011 875; baseline -0.002 -13"><span class='ocrx_word' id='word_1_60' title='bbox 44 858 46 862; x_wconf 86' lang='lat'>.</span> <span class='ocrx_word' id='word_1_61' title='bbox 158 806 468 861; x_wconf 72' lang='lat' dir='ltr'>summis‘simultutibus</span> <span class='ocrx_word' id='word_1_62' title='bbox 478 805 688 861; x_wconf 64' lang='lat' dir='ltr'>contendebant</span> <span class='ocrx_word' id='word_1_63' title='bbox 717 806 1011 875; x_wconf 79' lang='lat' dir='ltr'>BxhisPullio,quum</span> 
     </span>
    </p>
   </div>
   <div class='ocr_carea' id='block_1_3' title="bbox 87 882 1012 3145">
    <p class='ocr_par' dir='ltr' id='par_1_4' title="bbox 87 882 1012 2904">
     <span class='ocr_line' id='line_1_11' title="bbox 158 882 1011 952; baseline -0.001 -15"><span class='ocrx_word' id='word_1_64' title='bbox 158 883 289 937; x_wconf 69' lang='lat' dir='ltr'>acerrime</span> <span class='ocrx_word' id='word_1_65' title='bbox 300 882 337 936; x_wconf 83' lang='lat' dir='ltr'>ud</span> <span class='ocrx_word' id='word_1_66' title='bbox 345 883 509 937; x_wconf 77' lang='lat' dir='ltr'>munitiones</span> <span class='ocrx_word' id='word_1_67' title='bbox 517 886 693 952; x_wconf 76' lang='lat' dir='ltr'>pugnaretur,</span> <span class='ocrx_word' id='word_1_68' title='bbox 703 882 904 950; x_wconf 80' lang='lat' dir='ltr'>Quiddubitas,</span> <span class='ocrx_word' id='word_1_69' title='bbox 912 882 1011 951; x_wconf 91' lang='lat' dir='ltr'>inquit,</span> 
     </span>
     <span class='ocr_line' id='line_1_12' title="bbox 159 957 1012 1028; baseline 0.001 -16"><span class='ocrx_word' id='word_1_70' title='bbox 159 957 276 1026; x_wconf 81' lang='lat' dir='ltr'>Verane,</span> <span class='ocrx_word' id='word_1_71' title='bbox 288 960 336 1013; x_wconf 84' lang='lat' dir='ltr'>aut</span> <span class='ocrx_word' id='word_1_72' title='bbox 351 973 433 1028; x_wconf 89' lang='lat' dir='ltr'>quem</span> <span class='ocrx_word' id='word_1_73' title='bbox 446 959 536 1013; x_wconf 87' lang='lat' dir='ltr'>locum</span> <span class='ocrx_word' id='word_1_74' title='bbox 552 962 618 1013; x_wconf 78' lang='lat' dir='ltr'>tuae</span> <span class='ocrx_word' id='word_1_75' title='bbox 634 957 792 1027; x_wconf 79' lang='lat' dir='ltr'>probandae</span> <span class='ocrx_word' id='word_1_76' title='bbox 807 958 920 1013; x_wconf 85' lang='lat' dir='ltr'>virtutis</span> <span class='ocrx_word' id='word_1_77' title='bbox 935 974 1012 1027; x_wconf 59' lang='lat' dir='ltr'>spec*</span> 
     </span>
     <span class='ocr_line' id='line_1_13' title="bbox 158 1031 1012 1102; baseline 0 -14"><span class='ocrx_word' id='word_1_78' title='bbox 158 1035 222 1088; x_wconf 77' lang='lat' dir='ltr'>tusl</span> <span class='ocrx_word' id='word_1_79' title='bbox 236 1034 358 1091; x_wconf 90' lang='lat' dir='ltr'>hicdies</span> <span class='ocrx_word' id='word_1_80' title='bbox 375 1034 411 1088; x_wconf 91' lang='lat' dir='ltr'>de</span> <span class='ocrx_word' id='word_1_81' title='bbox 428 1034 530 1088; x_wconf 85' lang='lat' dir='ltr'>nostrie</span> <span class='ocrx_word' id='word_1_82' title='bbox 547 1033 741 1093; x_wconf 76' lang='lat' dir='ltr'>controuersiis</span> <span class='ocrx_word' id='word_1_83' title='bbox 753 1031 897 1102; x_wconf 84' lang='lat' dir='ltr'>judicabit</span> <span class='ocrx_word' id='word_1_84' title='bbox 934 1034 1012 1088; x_wconf 77' lang='lat' dir='ltr'>Haec</span> 
     </span>
     <span class='ocr_line' id='line_1_14' title="bbox 157 1108 1011 1179; baseline 0.002 -18"><span class='ocrx_word' id='word_1_85' title='bbox 157 1123 244 1177; x_wconf 89' lang='lat' dir='ltr'>quum</span> <span class='ocrx_word' id='word_1_86' title='bbox 256 1109 379 1176; x_wconf 72' lang='lat' dir='ltr'>dixisset,</span> <span class='ocrx_word' id='word_1_87' title='bbox 388 1108 513 1179; x_wconf 85' lang='lat' dir='ltr'>procedit</span> <span class='ocrx_word' id='word_1_88' title='bbox 524 1112 605 1163; x_wconf 86' lang='lat' dir='ltr'>extra</span> <span class='ocrx_word' id='word_1_89' title='bbox 617 1109 791 1178; x_wconf 86' lang='lat' dir='ltr'>munitiones,</span> <span class='ocrx_word' id='word_1_90' title='bbox 807 1124 932 1178; x_wconf 71' lang='lat' dir='ltr'>quaeque</span> <span class='ocrx_word' id='word_1_91' title='bbox 946 1125 1011 1179; x_wconf 78' lang='lat' dir='ltr'>pars</span> 
     </span>
     <span class='ocr_line' id='line_1_15' title="bbox 158 1183 1011 1253; baseline 0.001 -16"><span class='ocrx_word' id='word_1_92' title='bbox 158 1184 279 1240; x_wconf 90' lang='lat' dir='ltr'>hostium</span> <span class='ocrx_word' id='word_1_93' title='bbox 301 1183 500 1239; x_wconf 73' lang='lat' dir='ltr'>confertissima</span> <span class='ocrx_word' id='word_1_94' title='bbox 517 1187 561 1239; x_wconf 89' lang='lat' dir='ltr'>est</span> <span class='ocrx_word' id='word_1_95' title='bbox 577 1185 643 1250; x_wconf 82' lang='lat' dir='ltr'>visa,</span> <span class='ocrx_word' id='word_1_96' title='bbox 660 1185 689 1238; x_wconf 91' lang='lat' dir='ltr'>in</span> <span class='ocrx_word' id='word_1_97' title='bbox 713 1200 774 1239; x_wconf 85' lang='lat' dir='ltr'>eom</span> <span class='ocrx_word' id='word_1_98' title='bbox 796 1184 931 1253; x_wconf 74' lang='lat' dir='ltr'>irrumpit</span> <span class='ocrx_word' id='word_1_99' title='bbox 967 1185 1011 1238; x_wconf 89' lang='lat' dir='ltr'>Ne</span> 
     </span>
     <span class='ocr_line' id='line_1_16' title="bbox 158 1258 1008 1329; baseline 0.001 -16"><span class='ocrx_word' id='word_1_100' title='bbox 158 1258 285 1314; x_wconf 76' lang='lat' dir='ltr'>Varenus</span> <span class='ocrx_word' id='word_1_101' title='bbox 302 1259 492 1329; x_wconf 84' lang='lat' dir='ltr'>quidemtum</span> <span class='ocrx_word' id='word_1_102' title='bbox 510 1275 571 1314; x_wconf 82' lang='lat' dir='ltr'>sese</span> <span class='ocrx_word' id='word_1_103' title='bbox 588 1260 659 1314; x_wconf 81' lang='lat' dir='ltr'>vallo</span> <span class='ocrx_word' id='word_1_104' title='bbox 675 1259 805 1327; x_wconf 87' lang='lat' dir='ltr'>continet,</span> <span class='ocrx_word' id='word_1_105' title='bbox 822 1260 872 1313; x_wconf 83' lang='lat' dir='ltr'>sed</span> <span class='ocrx_word' id='word_1_106' title='bbox 889 1259 1008 1314; x_wconf 87' lang='lat' dir='ltr'>omnium</span> 
     </span>
     <span class='ocr_line' id='line_1_17' title="bbox 158 1336 1010 1406; baseline -0.001 -14"><span class='ocrx_word' id='word_1_107' title='bbox 158 1338 262 1393; x_wconf 79' lang='lat' dir='ltr'>veritus</span> <span class='ocrx_word' id='word_1_108' title='bbox 284 1338 513 1394; x_wconf 74' lang='lat' dir='ltr'>existimationem</span> <span class='ocrx_word' id='word_1_109' title='bbox 537 1337 722 1406; x_wconf 83' lang='lat' dir='ltr'>subsequitur.</span> <span class='ocrx_word' id='word_1_110' title='bbox 761 1336 895 1391; x_wconf 75' lang='lat' dir='ltr'>Mediocri</span> <span class='ocrx_word' id='word_1_111' title='bbox 921 1338 1010 1406; x_wconf 82' lang='lat' dir='ltr'>spatio</span> 
     </span>
     <span class='ocr_line' id='line_1_18' title="bbox 156 1413 1010 1483; baseline -0.004 -14"><span class='ocrx_word' id='word_1_112' title='bbox 156 1414 252 1469; x_wconf 87' lang='lat' dir='ltr'>relicto</span> <span class='ocrx_word' id='word_1_113' title='bbox 267 1415 356 1469; x_wconf 88' lang='lat' dir='ltr'>Pulfio</span> <span class='ocrx_word' id='word_1_114' title='bbox 372 1414 457 1483; x_wconf 87' lang='lat' dir='ltr'>pilum</span> <span class='ocrx_word' id='word_1_115' title='bbox 474 1414 504 1468; x_wconf 91' lang='lat' dir='ltr'>ln</span> <span class='ocrx_word' id='word_1_116' title='bbox 520 1414 615 1469; x_wconf 86' lang='lat' dir='ltr'>hostes</span> <span class='ocrx_word' id='word_1_117' title='bbox 631 1413 758 1468; x_wconf 86' lang='lat' dir='ltr'>immittit</span> <span class='ocrx_word' id='word_1_118' title='bbox 771 1416 856 1482; x_wconf 80' lang='lat' dir='ltr'>atque</span> <span class='ocrx_word' id='word_1_119' title='bbox 870 1429 955 1467; x_wconf 90' lang='lat' dir='ltr'>uuum</span> <span class='ocrx_word' id='word_1_120' title='bbox 974 1428 1010 1467; x_wconf 83' lang='lat' dir='ltr'>cx</span> 
     </span>
     <span class='ocr_line' id='line_1_19' title="bbox 156 1488 1010 1560; baseline -0.001 -17"><span class='ocrx_word' id='word_1_121' title='bbox 156 1490 334 1544; x_wconf 85' lang='lat' dir='ltr'>multitudine</span> <span class='ocrx_word' id='word_1_122' title='bbox 354 1493 563 1560; x_wconf 82' lang='lat' dir='ltr'>procurrentem</span> <span class='ocrx_word' id='word_1_123' title='bbox 584 1488 730 1558; x_wconf 78' lang='lat' dir='ltr'>transjicit,</span> <span class='ocrx_word' id='word_1_124' title='bbox 753 1504 808 1556; x_wconf 89' lang='lat' dir='ltr'>quo</span> <span class='ocrx_word' id='word_1_125' title='bbox 830 1504 960 1557; x_wconf 82' lang='lat' dir='ltr'>percusso</span> <span class='ocrx_word' id='word_1_126' title='bbox 979 1492 1010 1543; x_wconf 89' lang='lat' dir='ltr'>et</span> 
     </span>
     <span class='ocr_line' id='line_1_20' title="bbox 157 1563 1009 1636; baseline 0.002 -18"><span class='ocrx_word' id='word_1_127' title='bbox 157 1567 310 1622; x_wconf 81' lang='lat' dir='ltr'>exanimato</span> <span class='ocrx_word' id='word_1_128' title='bbox 333 1566 406 1620; x_wconf 90' lang='lat' dir='ltr'>hunc</span> <span class='ocrx_word' id='word_1_129' title='bbox 422 1566 508 1621; x_wconf 89' lang='lat' dir='ltr'>scutis</span> <span class='ocrx_word' id='word_1_130' title='bbox 523 1568 677 1636; x_wconf 75' lang='lat' dir='ltr'>protegunt</span> <span class='ocrx_word' id='word_1_131' title='bbox 692 1563 794 1633; x_wconf 87' lang='lat' dir='ltr'>hostes,</span> <span class='ocrx_word' id='word_1_132' title='bbox 809 1564 840 1617; x_wconf 90' lang='lat' dir='ltr'>in</span> <span class='ocrx_word' id='word_1_133' title='bbox 857 1564 934 1619; x_wconf 92' lang='lat' dir='ltr'>illum</span> <span class='ocrx_word' id='word_1_134' title='bbox 952 1565 1009 1620; x_wconf 89' lang='lat' dir='ltr'>tela</span> 
     </span>
     <span class='ocr_line' id='line_1_21' title="bbox 156 1640 1008 1712; baseline 0 -16"><span class='ocrx_word' id='word_1_135' title='bbox 156 1642 276 1696; x_wconf 83' lang='lat' dir='ltr'>universi</span> <span class='ocrx_word' id='word_1_136' title='bbox 291 1642 440 1712; x_wconf 90' lang='lat' dir='ltr'>conjiciunt</span> <span class='ocrx_word' id='word_1_137' title='bbox 455 1657 545 1710; x_wconf 87' lang='lat' dir='ltr'>neque</span> <span class='ocrx_word' id='word_1_138' title='bbox 562 1642 631 1696; x_wconf 86' lang='lat' dir='ltr'>daut</span> <span class='ocrx_word' id='word_1_139' title='bbox 646 1640 824 1710; x_wconf 69' lang='lat' dir='ltr'>regmdiundi</span> <span class='ocrx_word' id='word_1_140' title='bbox 840 1640 1008 1696; x_wconf 77' lang='lat' dir='ltr'>facultatem.</span> 
     </span>
     <span class='ocr_line' id='line_1_22' title="bbox 87 1709 1009 1785; baseline 0.002 -16"><span class='ocrx_word' id='word_1_141' title='bbox 87 1737 106 1752; x_wconf 84' lang='lat'>..</span> <span class='ocrx_word' id='word_1_142' title='bbox 157 1709 338 1785; x_wconf 70' lang='lat' dir='ltr'>Transfigitur</span> <span class='ocrx_word' id='word_1_143' title='bbox 367 1721 475 1772; x_wconf 84' lang='lat' dir='ltr'>scutum</span> <span class='ocrx_word' id='word_1_144' title='bbox 503 1717 620 1771; x_wconf 85' lang='lat' dir='ltr'>Pullioni</span> <span class='ocrx_word' id='word_1_145' title='bbox 639 1720 678 1771; x_wconf 90' lang='lat' dir='ltr'>et</span> <span class='ocrx_word' id='word_1_146' title='bbox 704 1719 832 1771; x_wconf 86' lang='lat' dir='ltr'>verutum</span> <span class='ocrx_word' id='word_1_147' title='bbox 858 1716 887 1769; x_wconf 91' lang='lat' dir='ltr'>in</span> <span class='ocrx_word' id='word_1_148' title='bbox 916 1716 1009 1771; x_wconf 86' lang='lat' dir='ltr'>balteo</span> 
     </span>
     <span class='ocr_line' id='line_1_23' title="bbox 157 1791 1008 1862; baseline 0.002 -17"><span class='ocrx_word' id='word_1_149' title='bbox 157 1791 293 1862; x_wconf 83' lang='lat' dir='ltr'>deligitur.</span> <span class='ocrx_word' id='word_1_150' title='bbox 330 1794 444 1847; x_wconf 73' lang='lat' dir='ltr'>Avertit</span> <span class='ocrx_word' id='word_1_151' title='bbox 459 1792 504 1848; x_wconf 90' lang='lat' dir='ltr'>hic</span> <span class='ocrx_word' id='word_1_152' title='bbox 521 1809 600 1847; x_wconf 71' lang='lat' dir='ltr'>mana</span> <span class='ocrx_word' id='word_1_153' title='bbox 617 1793 743 1860; x_wconf 84' lang='lat' dir='ltr'>vaginam</span> <span class='ocrx_word' id='word_1_154' title='bbox 758 1795 789 1845; x_wconf 86' lang='lat' dir='ltr'>et</span> <span class='ocrx_word' id='word_1_155' title='bbox 804 1791 926 1860; x_wconf 88' lang='lat' dir='ltr'>gladium</span> <span class='ocrx_word' id='word_1_156' title='bbox 942 1792 1008 1847; x_wconf 85' lang='lat' dir='ltr'>edu·</span> 
     </span>
     <span class='ocr_line' id='line_1_24' title="bbox 156 1867 1008 1937; baseline 0.002 -16"><span class='ocrx_word' id='word_1_157' title='bbox 156 1883 219 1922; x_wconf 87' lang='lat' dir='ltr'>cere</span> <span class='ocrx_word' id='word_1_158' title='bbox 248 1869 357 1923; x_wconf 86' lang='lat' dir='ltr'>concuti</span> <span class='ocrx_word' id='word_1_159' title='bbox 385 1868 514 1923; x_wconf 85' lang='lat' dir='ltr'>dextram</span> <span class='ocrx_word' id='word_1_160' title='bbox 542 1871 665 1922; x_wconf 87' lang='lat' dir='ltr'>moratur</span> <span class='ocrx_word' id='word_1_161' title='bbox 691 1882 816 1921; x_wconf 88' lang='lat' dir='ltr'>manum:</span> <span class='ocrx_word' id='word_1_162' title='bbox 845 1867 1008 1937; x_wconf 86' lang='lat' dir='ltr'>impeditum</span> 
     </span>
     <span class='ocr_line' id='line_1_25' title="bbox 156 1942 1008 2000; baseline 0.005 -5"><span class='ocrx_word' id='word_1_163' title='bbox 156 1942 483 2000; x_wconf 77' lang='lat' dir='ltr'>hosteecircumsistrmt.</span> <span class='ocrx_word' id='word_1_164' title='bbox 519 1943 660 1999; x_wconf 83' lang='lat' dir='ltr'>Succurrit</span> <span class='ocrx_word' id='word_1_165' title='bbox 678 1942 802 1997; x_wconf 83' lang='lat' dir='ltr'>inimicus</span> <span class='ocrx_word' id='word_1_166' title='bbox 819 1942 860 1998; x_wconf 91' lang='lat' dir='ltr'>illi</span> <span class='ocrx_word' id='word_1_167' title='bbox 881 1944 1008 1999; x_wconf 83' lang='lat' dir='ltr'>Varenus</span> 
     </span>
     <span class='ocr_line' id='line_1_26' title="bbox 156 2018 1007 2076; baseline 0.004 -4"><span class='ocrx_word' id='word_1_168' title='bbox 156 2021 185 2072; x_wconf 90' lang='lat' dir='ltr'>et</span> <span class='ocrx_word' id='word_1_169' title='bbox 196 2018 330 2073; x_wconf 66' lang='lat' dir='ltr'>laboranti</span> <span class='ocrx_word' id='word_1_170' title='bbox 342 2019 478 2075; x_wconf 83' lang='lat' dir='ltr'>subvenit.</span> <span class='ocrx_word' id='word_1_171' title='bbox 514 2020 561 2074; x_wconf 88' lang='lat' dir='ltr'>Ad</span> <span class='ocrx_word' id='word_1_172' title='bbox 572 2020 645 2074; x_wconf 86' lang='lat' dir='ltr'>bunc</span> <span class='ocrx_word' id='word_1_173' title='bbox 656 2035 686 2073; x_wconf 88' lang='lat' dir='ltr'>se</span> <span class='ocrx_word' id='word_1_174' title='bbox 698 2018 839 2073; x_wconf 76' lang='lat' dir='ltr'>confestim</span> <span class='ocrx_word' id='word_1_175' title='bbox 851 2035 869 2074; x_wconf 83' lang='lat' dir='ltr'>a</span> <span class='ocrx_word' id='word_1_176' title='bbox 884 2019 1007 2076; x_wconf 86' lang='lat' dir='ltr'>Pullione</span> 
     </span>
     <span class='ocr_line' id='line_1_27' title="bbox 155 2093 1006 2165; baseline 0.004 -18"><span class='ocrx_word' id='word_1_177' title='bbox 155 2093 242 2147; x_wconf 88' lang='lat' dir='ltr'>omnis</span> <span class='ocrx_word' id='word_1_178' title='bbox 264 2094 414 2150; x_wconf 88' lang='lat' dir='ltr'>multitudo</span> <span class='ocrx_word' id='word_1_179' title='bbox 436 2096 588 2151; x_wconf 84' lang='lat' dir='ltr'>convertit:</span> <span class='ocrx_word' id='word_1_180' title='bbox 611 2095 700 2165; x_wconf 88' lang='lat' dir='ltr'>[illum</span> <span class='ocrx_word' id='word_1_181' title='bbox 723 2095 822 2149; x_wconf 70' lang='lat' dir='ltr'>veruto</span> <span class='ocrx_word' id='word_1_182' title='bbox 845 2096 1006 2150; x_wconf 82' lang='lat' dir='ltr'>transfixum</span> 
     </span>
     <span class='ocr_line' id='line_1_28' title="bbox 154 2168 1006 2239; baseline 0.001 -16"><span class='ocrx_word' id='word_1_183' title='bbox 154 2168 344 2239; x_wconf 82' lang='lat' dir='ltr'>arbitrantur]</span> <span class='ocrx_word' id='word_1_184' title='bbox 379 2169 511 2226; x_wconf 76' lang='lat' dir='ltr'>occursat</span> <span class='ocrx_word' id='word_1_185' title='bbox 529 2172 604 2225; x_wconf 88' lang='lat' dir='ltr'>ocius</span> <span class='ocrx_word' id='word_1_186' title='bbox 620 2170 713 2237; x_wconf 83' lang='lat' dir='ltr'>gladio</span> <span class='ocrx_word' id='word_1_187' title='bbox 730 2171 933 2239; x_wconf 88' lang='lat' dir='ltr'>comminusque</span> <span class='ocrx_word' id='word_1_188' title='bbox 948 2188 1006 2225; x_wconf 86' lang='lat' dir='ltr'>rem</span> 
     </span>
     <span class='ocr_line' id='line_1_29' title="bbox 154 2243 1006 2314; baseline 0.001 -16"><span class='ocrx_word' id='word_1_189' title='bbox 154 2243 228 2311; x_wconf 81' lang='lat' dir='ltr'>gerit</span> <span class='ocrx_word' id='word_1_190' title='bbox 246 2245 382 2313; x_wconf 86' lang='lat' dir='ltr'>Varenus,</span> <span class='ocrx_word' id='word_1_191' title='bbox 402 2248 488 2314; x_wconf 87' lang='lat' dir='ltr'>etque</span> <span class='ocrx_word' id='word_1_192' title='bbox 508 2262 563 2300; x_wconf 91' lang='lat' dir='ltr'>uno</span> <span class='ocrx_word' id='word_1_193' title='bbox 582 2245 728 2300; x_wconf 82' lang='lat' dir='ltr'>interfecto</span> <span class='ocrx_word' id='word_1_194' title='bbox 747 2245 868 2313; x_wconf 86' lang='lat' dir='ltr'>reliquos</span> <span class='ocrx_word' id='word_1_195' title='bbox 884 2246 1006 2314; x_wconf 86' lang='lat' dir='ltr'>paullmn</span> 
     </span>
     <span class='ocr_line' id='line_1_30' title="bbox 154 2319 1006 2390; baseline 0.007 -19"><span class='ocrx_word' id='word_1_196' title='bbox 154 2319 298 2388; x_wconf 87' lang='lat' dir='ltr'>propellit;</span> <span class='ocrx_word' id='word_1_197' title='bbox 321 2321 388 2375; x_wconf 90' lang='lat' dir='ltr'>dum</span> <span class='ocrx_word' id='word_1_198' title='bbox 413 2321 538 2390; x_wconf 85' lang='lat' dir='ltr'>cupidius</span> <span class='ocrx_word' id='word_1_199' title='bbox 564 2322 657 2389; x_wconf 86' lang='lat' dir='ltr'>instat,</span> <span class='ocrx_word' id='word_1_200' title='bbox 680 2322 709 2375; x_wconf 92' lang='lat' dir='ltr'>in</span> <span class='ocrx_word' id='word_1_201' title='bbox 735 2321 825 2375; x_wconf 88' lang='lat' dir='ltr'>locum</span> <span class='ocrx_word' id='word_1_202' title='bbox 850 2321 1006 2382; x_wconf 81' lang='lat' dir='ltr'>inferiorem</span> 
     </span>
     <span class='ocr_line' id='line_1_31' title="bbox 155 2393 1007 2462; baseline 0.006 -15"><span class='ocrx_word' id='word_1_203' title='bbox 155 2393 279 2462; x_wconf 86' lang='lat' dir='ltr'>dejectus</span> <span class='ocrx_word' id='word_1_204' title='bbox 290 2396 416 2451; x_wconf 85' lang='lat' dir='ltr'>concidit</span> <span class='ocrx_word' id='word_1_205' title='bbox 453 2397 526 2450; x_wconf 90' lang='lat' dir='ltr'>Huic</span> <span class='ocrx_word' id='word_1_206' title='bbox 537 2413 634 2450; x_wconf 84' lang='lat' dir='ltr'>rursus</span> <span class='ocrx_word' id='word_1_207' title='bbox 648 2397 834 2452; x_wconf 86' lang='lat' dir='ltr'>circumvento</span> <span class='ocrx_word' id='word_1_208' title='bbox 848 2397 905 2453; x_wconf 83' lang='lat' dir='ltr'>fert</span> <span class='ocrx_word' id='word_1_209' title='bbox 920 2397 1007 2452; x_wconf 64' lang='lat' dir='ltr'>culici-¹</span> 
     </span>
     <span class='ocr_line' id='line_1_32' title="bbox 154 2467 1006 2542; baseline 0.006 -20"><span class='ocrx_word' id='word_1_210' title='bbox 154 2467 231 2523; x_wconf 90' lang='lat' dir='ltr'>dium</span> <span class='ocrx_word' id='word_1_211' title='bbox 247 2470 343 2540; x_wconf 80' lang='lat' dir='ltr'>Bullio,</span> <span class='ocrx_word' id='word_1_212' title='bbox 359 2475 444 2542; x_wconf 75' lang='lat' dir='ltr'>atqn&#39;o</span> <span class='ocrx_word' id='word_1_213' title='bbox 460 2472 541 2527; x_wconf 87' lang='lat' dir='ltr'>ambo</span> <span class='ocrx_word' id='word_1_214' title='bbox 559 2472 707 2526; x_wconf 86' lang='lat' dir='ltr'>incolumes</span> <span class='ocrx_word' id='word_1_215' title='bbox 724 2472 907 2541; x_wconf 89' lang='lat' dir='ltr'>compluribus</span> <span class='ocrx_word' id='word_1_216' title='bbox 924 2474 1006 2529; x_wconf 86' lang='lat' dir='ltr'>inter-</span> 
     </span>
     <span class='ocr_line' id='line_1_33' title="bbox 153 2541 1005 2619; baseline 0.008 -21"><span class='ocrx_word' id='word_1_217' title='bbox 153 2541 233 2599; x_wconf 81' lang='lat' dir='ltr'>iectis</span> <span class='ocrx_word' id='word_1_218' title='bbox 244 2561 350 2601; x_wconf 81' lang='lat' dir='ltr'>summe</span> <span class='ocrx_word' id='word_1_219' title='bbox 360 2564 423 2602; x_wconf 89' lang='lat' dir='ltr'>cum</span> <span class='ocrx_word' id='word_1_220' title='bbox 433 2548 517 2604; x_wconf 86' lang='lat' dir='ltr'>lande</span> <span class='ocrx_word' id='word_1_221' title='bbox 528 2563 590 2602; x_wconf 82' lang='lat' dir='ltr'>sese</span> <span class='ocrx_word' id='word_1_222' title='bbox 600 2547 675 2601; x_wconf 80' lang='lat' dir='ltr'>intra</span> <span class='ocrx_word' id='word_1_223' title='bbox 685 2547 851 2601; x_wconf 86' lang='lat' dir='ltr'>munitiones</span> <span class='ocrx_word' id='word_1_224' title='bbox 862 2549 1005 2619; x_wconf 90' lang='lat' dir='ltr'>recipiunt.</span> 
     </span>
     <span class='ocr_line' id='line_1_34' title="bbox 153 2620 1006 2693; baseline 0.007 -18"><span class='ocrx_word' id='word_1_225' title='bbox 153 2620 199 2676; x_wconf 85' lang='lat' dir='ltr'>Sic</span> <span class='ocrx_word' id='word_1_226' title='bbox 210 2622 330 2677; x_wconf 74' lang='lat' dir='ltr'>fortune</span> <span class='ocrx_word' id='word_1_227' title='bbox 339 2623 368 2677; x_wconf 88' lang='lat' dir='ltr'>in</span> <span class='ocrx_word' id='word_1_228' title='bbox 383 2625 558 2679; x_wconf 90' lang='lat' dir='ltr'>contentione</span> <span class='ocrx_word' id='word_1_229' title='bbox 574 2627 604 2678; x_wconf 88' lang='lat' dir='ltr'>et</span> <span class='ocrx_word' id='word_1_230' title='bbox 617 2624 767 2678; x_wconf 86' lang='lat' dir='ltr'>certamine</span> <span class='ocrx_word' id='word_1_231' title='bbox 781 2626 931 2693; x_wconf 86' lang='lat' dir='ltr'>utrumque</span> <span class='ocrx_word' id='word_1_232' title='bbox 946 2642 1006 2680; x_wconf 85' lang='lat' dir='ltr'>ver·</span> 
     </span>
     <span class='ocr_line' id='line_1_35' title="bbox 152 2697 1004 2768; baseline 0.005 -17"><span class='ocrx_word' id='word_1_233' title='bbox 152 2697 224 2751; x_wconf 85' lang='lat' dir='ltr'>savit</span> <span class='ocrx_word' id='word_1_234' title='bbox 249 2701 281 2752; x_wconf 63' lang='lat' dir='ltr'>nc</span> <span class='ocrx_word' id='word_1_235' title='bbox 301 2698 374 2754; x_wconf 72' lang='lat' dir='ltr'>alter</span> <span class='ocrx_word' id='word_1_236' title='bbox 397 2699 477 2754; x_wconf 85' lang='lat' dir='ltr'>alteri</span> <span class='ocrx_word' id='word_1_237' title='bbox 499 2699 627 2753; x_wconf 81' lang='lat' dir='ltr'>inimicus</span> <span class='ocrx_word' id='word_1_238' title='bbox 648 2699 751 2753; x_wconf 86' lang='lat' dir='ltr'>cuxilio</span> <span class='ocrx_word' id='word_1_239' title='bbox 769 2700 905 2768; x_wconf 83' lang='lat' dir='ltr'>salutique</span> <span class='ocrx_word' id='word_1_240' title='bbox 922 2704 1004 2768; x_wconf 81' lang='lat' dir='ltr'>essct,</span> 
     </span>
     <span class='ocr_line' id='line_1_36' title="bbox 151 2747 1005 2904; baseline 0.006 -79"><span class='ocrx_word' id='word_1_241' title='bbox 151 2747 408 2904; x_wconf 41' lang='lat' dir='ltr'>aedqueglclllijudicmi</span> <span class='ocrx_word' id='word_1_242' title='bbox 424 2777 519 2844; x_wconf 82' lang='lat' dir='ltr'>posset</span> <span class='ocrx_word' id='word_1_243' title='bbox 535 2778 600 2830; x_wconf 85' lang='lat' dir='ltr'>uter</span> <span class='ocrx_word' id='word_1_244' title='bbox 616 2774 674 2829; x_wconf 85' lang='lat' dir='ltr'>utri</span> <span class='ocrx_word' id='word_1_245' title='bbox 690 2775 793 2829; x_wconf 86' lang='lat' dir='ltr'>virtute</span> <span class='ocrx_word' id='word_1_246' title='bbox 810 2774 1005 2830; x_wconf 76' lang='lat' dir='ltr'>anteferendus</span> 
     </span>
     <span class='ocr_line' id='line_1_37' title="bbox 151 2863 299 2904; baseline 0.014 -2"><span class='ocrx_word' id='word_1_247' title='bbox 151 2863 178 2902; x_wconf 83' lang='lat' dir='ltr'>vr</span> <span class='ocrx_word' id='word_1_248' title='bbox 198 2865 229 2902; x_wconf 89' lang='lat' dir='ltr'>er</span> <span class='ocrx_word' id='word_1_249' title='bbox 292 2865 299 2904; x_wconf 66' lang='grc' dir='ltr'><strong><em>ε</em></strong></span> 
     </span>
    </p>

    <p class='ocr_par' dir='ltr' id='par_1_5' title="bbox 150 2924 1004 3145">
     <span class='ocr_line' id='line_1_38' title="bbox 202 2924 1004 3000; baseline 0 -23"><span class='ocrx_word' id='word_1_250' title='bbox 202 2929 244 2978; x_wconf 81' lang='lat'>45.</span> <span class='ocrx_word' id='word_1_251' title='bbox 280 2924 389 3000; x_wconf 80' lang='lat' dir='ltr'>Quanto</span> <span class='ocrx_word' id='word_1_252' title='bbox 402 2928 466 2980; x_wconf 86' lang='lat' dir='ltr'>erat</span> <span class='ocrx_word' id='word_1_253' title='bbox 479 2924 583 3000; x_wconf 86' lang='lat' dir='ltr'>indies</span> <span class='ocrx_word' id='word_1_254' title='bbox 598 2925 707 2992; x_wconf 80' lang='lat' dir='ltr'>gravior</span> <span class='ocrx_word' id='word_1_255' title='bbox 721 2928 805 2994; x_wconf 85' lang='lat' dir='ltr'>atque</span> <span class='ocrx_word' id='word_1_256' title='bbox 820 2925 942 2994; x_wconf 74' lang='lat' dir='ltr'>asperior</span> <span class='ocrx_word' id='word_1_257' title='bbox 956 2939 1004 2993; x_wconf 91' lang='lat' dir='ltr'>op-</span> 
     </span>
     <span class='ocr_line' id='line_1_39' title="bbox 150 2997 1004 3069; baseline 0 -18"><span class='ocrx_word' id='word_1_258' title='bbox 150 3000 290 3068; x_wconf 78' lang='lat' dir='ltr'>pugnatio,</span> <span class='ocrx_word' id='word_1_259' title='bbox 299 3006 331 3055; x_wconf 86' lang='lat' dir='ltr'>et</span> <span class='ocrx_word' id='word_1_260' title='bbox 338 3000 458 3056; x_wconf 82' lang='lat' dir='ltr'>maxime</span> <span class='ocrx_word' id='word_1_261' title='bbox 468 3001 542 3069; x_wconf 90' lang='lat' dir='ltr'>quod</span> <span class='ocrx_word' id='word_1_262' title='bbox 554 2997 653 3069; x_wconf 80' lang='lat' dir='ltr'>magua</span> <span class='ocrx_word' id='word_1_263' title='bbox 663 2999 743 3069; x_wconf 85' lang='lat' dir='ltr'>parte</span> <span class='ocrx_word' id='word_1_264' title='bbox 753 3000 870 3055; x_wconf 89' lang='lat' dir='ltr'>militum</span> <span class='ocrx_word' id='word_1_265' title='bbox 881 2999 1004 3054; x_wconf 79' lang='lat' dir='ltr'>coniecto</span> 
     </span>
     <span class='ocr_line' id='line_1_40' title="bbox 150 3069 1001 3145; baseline -0.005 -16"><span class='ocrx_word' id='word_1_266' title='bbox 150 3069 309 3130; x_wconf 81' lang='lat' dir='ltr'>vulneribus</span> <span class='ocrx_word' id='word_1_267' title='bbox 325 3084 377 3129; x_wconf 80' lang='lat' dir='ltr'>&#39;res</span> <span class='ocrx_word' id='word_1_268' title='bbox 397 3076 434 3131; x_wconf 86' lang='lat' dir='ltr'>ad</span> <span class='ocrx_word' id='word_1_269' title='bbox 453 3077 619 3145; x_wconf 85' lang='lat' dir='ltr'>paucitatem</span> <span class='ocrx_word' id='word_1_270' title='bbox 639 3076 818 3130; x_wconf 75' lang='lat' dir='ltr'>defensorumv</span> <span class='ocrx_word' id='word_1_271' title='bbox 831 3076 1001 3142; x_wconf 70' lang='lat' dir='ltr'>pervenerat,</span> 
     </span>
    </p>
   </div>
   <div class='ocr_carea' id='block_1_4' title="bbox 150 3148 1002 3269">
    <p class='ocr_par' dir='ltr' id='par_1_6' title="bbox 150 3148 1002 3269">
     <span class='ocr_line' id='line_1_41' title="bbox 150 3148 1002 3269; baseline -0.007 -64"><span class='ocrx_word' id='word_1_272' title='bbox 150 3153 228 3269; x_wconf 53' lang='lat' dir='ltr'>tango</span> <span class='ocrx_word' id='word_1_273' title='bbox 243 3150 396 3207; x_wconf 85' lang='lat' dir='ltr'>crebriores</span> <span class='ocrx_word' id='word_1_274' title='bbox 410 3151 521 3208; x_wconf 86' lang='lat' dir='ltr'>litterae</span> <span class='ocrx_word' id='word_1_275' title='bbox 535 3151 681 3218; x_wconf 85' lang='lat' dir='ltr'>nunciique</span> <span class='ocrx_word' id='word_1_276' title='bbox 695 3149 733 3204; x_wconf 90' lang='lat' dir='ltr'>ad</span> <span class='ocrx_word' id='word_1_277' title='bbox 750 3149 895 3205; x_wconf 73' lang='lat' dir='ltr'>Gaesarem</span> <span class='ocrx_word' id='word_1_278' title='bbox 910 3148 1002 3200; x_wconf 87' lang='lat' dir='ltr'>mitto·</span> 
     </span>
    </p>
   </div>
   <div class='ocr_carea' id='block_1_5' title="bbox 0 0 1092 3409">
    <p class='ocr_par' dir='ltr' id='par_1_7' title="bbox 0 0 1092 3409">
     <span class='ocr_line' id='line_1_42' title="bbox 0 0 1092 3409; baseline 0 2"><span class='ocrx_word' id='word_1_279' title='bbox 0 0 1092 3409; x_wconf 95' lang='lat' dir='ltr'> </span> 
     </span>
    </p>
   </div>
   <div class='ocr_carea' id='block_1_6' title="bbox 1004 3215 1080 3375">
    <p class='ocr_par' dir='ltr' id='par_1_8' title="bbox 1004 3215 1080 3375">
     <span class='ocr_line' id='line_1_43' title="bbox 1004 3215 1080 3375; baseline 0 0"><span class='ocrx_word' id='word_1_280' title='bbox 1004 3215 1080 3375; x_wconf 68' lang='lat' dir='ltr'>,l</span> 
     </span>
    </p>
   </div>
  </div>
 </body>
</html>
