2175 3409
58 109 90 159 88
312 107 341 158 0.
359 108 463 158 JULII
479 107 654 158 CAESARIS

59 186 145 252 mitur
153 186 252 256 vigiliis
261 186 367 255 reliqua
378 204 442 256 pars
450 190 548 257 noctis,
557 205 643 257 quum
655 203 705 242 sua
712 186 828 256 quisque
836 186 915 243 miles

58 262 287 331 circumspiceret,
300 262 368 331 quid
380 280 473 318 secum
489 268 601 332 portare
616 266 718 333 posset,
735 263 803 332 quid
822 280 857 317 ex
873 265 915 317 iu-

60 341 215 393 strumento
238 337 414 393 hibernorum
442 339 596 408 relinquere
624 342 776 408 cogeretur.
816 339 916 393 Omnia

60 415 251 483 excogitantur
275 430 360 482 quare
381 431 431 469 nec
450 415 508 469 sine
525 415 647 483 periculo
658 418 806 469 maneatur.
817 418 846 469 et
858 416 915 469 lan-

58 506 144 558 guore
162 489 280 543 militum
305 493 335 544 et
358 490 457 558 vigiliis
476 490 628 559 periculum
647 494 788 558 augeatur.
812 490 916 545 Prima

58 566 119 620 luce
138 565 177 619 sic
196 581 231 619 ex
249 566 347 619 castris
366 565 572 634 proficiscuntur
591 570 623 620 ut
643 566 742 635 quibus
762 568 837 620 esset
854 582 916 635 per-

59 658 170 695 suasum
181 657 235 694 non
247 640 283 695 ab
294 640 382 708 hoste,
395 642 445 696 sed
457 642 493 696 ab
504 642 614 696 homine
626 641 789 696 amicissimo
802 641 916 695 Ambio-

24 785 29 794 ·
59 717 119 785 rige
136 716 277 771 consilium
299 716 403 785 datum,
421 717 580 785 longissimo
602 718 712 786 agmine
735 716 916 787 maximisque

59 792 271 862 impedimentis.

112 874 154 923 32.
191 870 233 922 At
257 867 358 933 hostes,
383 870 562 937 posteaquam
587 885 622 922 ex
645 871 779 922 nocturno
802 868 916 924 fremitu

59 944 212 1013 vigiliisqw
237 943 273 997 de
297 943 466 1011 profectione
491 960 587 997 corum
605 947 756 1012 senserunt,
778 945 915 999 collocatis

60 1019 165 1073 insidiis
176 1020 308 1089 bipertito
324 1019 352 1072 in
370 1018 444 1072 silvis
460 1022 613 1087 opportuno
632 1022 716 1088 atque
734 1020 841 1074 occulto
856 1021 915 1074 loco

60 1112 77 1149 a
92 1095 201 1150 milibus
216 1110 346 1164 passuum
361 1093 471 1148 circiter
487 1094 602 1162 duobus,
615 1095 800 1149 Romanorum
814 1095 915 1150 adven-

59 1175 121 1225 tum
136 1170 348 1240 exspectabant3
366 1172 396 1223 et
413 1186 498 1239 quum
517 1186 547 1224 se
565 1170 654 1239 major
671 1187 735 1239 pars
753 1172 868 1239 agminis
886 1173 915 1225 in

60 1263 187 1314 magnam
211 1245 359 1301 convallem
383 1245 545 1312 demisisset,
564 1263 599 1300 ex
617 1251 734 1315 utraque
750 1251 832 1315 parte
854 1247 915 1316 ejus

60 1322 139 1376 vallis
154 1322 245 1377 subito
262 1338 293 1376 ee
309 1321 497 1388 ostendenmt,
512 1322 728 1391 novissimosque
744 1338 869 1392 premere
886 1327 915 1377 et

61 1398 163 1467 primos
174 1397 321 1467 prohibere
333 1412 446 1452 ascensu
457 1399 541 1464 atque
557 1397 726 1466 iniquissimo
740 1399 841 1453 nostris
855 1398 914 1453 loco

61 1473 194 1541 proelium
206 1473 379 1526 committere
390 1476 545 1540 coeperunt.
804 1534 807 1538 ,

113 1553 155 1604 33.
191 1548 260 1601 'l'urn
273 1548 384 1601 demum
395 1547 524 1614 Titurius,
534 1548 582 1616 qui
593 1547 660 1602 nihil
669 1552 733 1603 ante
741 1549 915 1619 providisset,

61 1623 202 1693 trepidare
225 1627 255 1677 et
278 1639 438 1678 concursare
461 1623 643 1693 cohortesque
667 1624 827 1692 disponere;
847 1625 914 1680 haec

61 1704 155 1756 tamen
171 1699 231 1768 ipsa
245 1698 344 1753 timide
360 1702 444 1767 atque
461 1701 494 1753 ut
513 1715 578 1753 eum
595 1699 688 1753 omnia
706 1699 823 1755 delicere
841 1701 915 1755 vide

62 1778 172 1830 rentur:
192 1774 266 1843 quod
287 1774 448 1843 plerumque
467 1774 500 1827 iis
518 1775 643 1828 accidere
661 1777 800 1829 consuevit
820 1777 914 1845 quiin

61 1853 121 1920 ipso
137 1851 246 1920 negotio
262 1850 401 1904 consilium
416 1866 515 1919 capere
531 1854 673 1919 cogrmtur.
709 1852 751 1905 At
767 1852 850 1906 Cotta
867 1854 914 1921 qui

62 1928 209 1996 cogitmset
220 1927 286 1981 haec
301 1942 382 1995 posse
397 1926 425 1979 in
441 1926 539 1980 itinere
555 1926 687 1995 accidere,
702 1930 786 1995 atque
802 1927 838 1981 ob
853 1945 914 1982 eam

62 2019 172 2057 causam
182 2002 356 2072 profectionis
368 2006 463 2057 auctor
474 2019 528 2055 non
543 2002 650 2066 fuisset,
661 2002 736 2056 nulla
751 2002 780 2056 in
796 2020 828 2057 re
843 2020 915 2058 com-

62 2080 137 2132 muni
161 2078 244 2133 saluti
266 2078 370 2147 deerat,
391 2081 420 2133 et
443 2078 471 2131 in
494 2077 663 2146 appellandis
686 2078 914 2149 cohortandisque

63 2155 195 2210 militibus
205 2154 379 2224 imperatoris
391 2156 421 2208 et
431 2153 459 2207 in
474 2169 567 2222 pugna
581 2153 676 2207 militis
691 2153 778 2207 officia
793 2160 912 2223 praesta·

63 2232 120 2287 bat.
155 2233 245 2298 Quum
262 2233 375 2301 propter
389 2229 590 2298 longitudinem
601 2229 716 2297 agminis
730 2229 821 2284 minus
835 2230 914 2284 facile

63 2311 152 2383 onmia
163 2325 214 2379 per
226 2326 255 2363 se
267 2308 344 2362 obire
356 2310 385 2362 et
396 2306 464 2376 quid
475 2322 584 2375 quoque
596 2304 655 2358 loco
670 2304 825 2360 faciendum
841 2310 915 2362 esset

62 2387 208 2456 providere
234 2387 353 2454 possent,
373 2383 516 2451 jusserunt
540 2380 775 2451 pronunciarent
798 2381 915 2450 impedi-

63 2466 157 2517 menta
169 2463 356 2530 relinquerent
367 2464 451 2528 atque
462 2459 490 2513 in
502 2458 598 2512 orbem
614 2458 802 2511 consisterent
833 2458 915 2523 Quod

63 2538 204 2592 eonsilium
219 2538 281 2596 ¹etsi
297 2537 326 2590 in
343 2535 479 2604 ejusmodi
495 2550 560 2588 essu
582 2532 838 2602 reprehendendum
860 2550 914 2587 non

63 2618 114 2682 est,
127 2617 220 2668 tamen
230 2612 400 2667 incommode
410 2610 525 2674 accidit3
539 2626 603 2663 nam
619 2612 650 2663 et
664 2609 765 2662 nostris
781 2609 915 2663 militibus

64 2706 141 2758 spem
158 2690 263 2756 minuit,
282 2692 311 2743 et
327 2688 422 2741 hostes
442 2685 479 2739 ad
502 2701 623 2754 pugnam
647 2684 792 2738 almriores
816 2685 915 2751 effecit,

63 2765 138 2833 quod
148 2782 202 2820 non
214 2765 271 2819 sine
283 2779 389 2819 summo
402 2762 503 2816 timore
514 2764 544 2815 et
560 2759 750 2829 desperatione
765 2760 797 2814 id
811 2761 915 2814 factum

63 2839 215 2894 videbatur.
250 2840 398 2893 Praeterea
409 2836 517 2905 accidit,
526 2836 600 2905 quod
611 2836 672 2890 fieri
683 2853 795 2891 necesse
804 2839 872 2903 erat,
883 2839 916 2890 ut

63 2915 145 2981 vulgo
156 2916 258 2969 milites
269 2914 304 2968 ab
316 2915 400 2983 signis
412 2913 594 2982 discederent,
606 2928 677 2982 quae
689 2914 804 2983 quisque
820 2927 914 2965 eorum

64 2989 202 3042 carissima
224 2988 339 3043 haberet
360 2990 396 3043 ab
414 2989 618 3056 impedimentis
633 2992 728 3056 petere
743 2992 828 3057 atque
843 2987 915 3041 abn'·

64 3078 130 3130 pere
141 3068 309 3132 properaret‚
321 3064 437 3118 clamore
449 3068 479 3119 et
490 3065 559 3119 fletu
570 3065 661 3119 omnia
671 3063 880 3133 complerentur.
976 3081 985 3106 r

25 3189 27 3192 .
115 3141 158 3189 34.
193 3139 234 3191 At
250 3138 374 3192 barbaris
391 3139 532 3194 consilium
555 3156 610 3193 non
633 3139 730 3208 defuit,
748 3156 812 3193 narn
830 3139 915 3193 duces

12 3313 120 3375 Ᾰ
