2175 3409
515 148 625 196 LIBER
646 148 696 197 lV.
934 209 937 214 r
991 160 1023 209 67

171 229 345 285 ’1010110111
368 229 469 284 bellum
487 228 615 283 effecerat
638 228 753 285 classem
771 229 859 299 jubet
876 230 1027 285 convenire.

182 306 299 360 Interim
311 306 421 359 consilio
434 305 494 374 ejus
506 305 616 375 cognito
631 308 661 360 01
674 323 724 374 per
739 310 904 361 mercatores
919 308 1027 376 perlato

180 383 217 435 ad
229 383 382 448 Britannos,
395 397 412 434 a
423 381 607 450 compluribus
618 382 724 436 insulae
740 383 897 436 civitatibus
913 383 949 436 ad
964 399 1027 435 oum

180 457 265 526 legati
276 458 388 511 veniunt
400 457 447 525 qui
458 457 638 526 polliceantur
646 457 756 511 obsides
770 457 837 510 dare
849 462 933 526 atque
944 458 1028 527 impe

180 534 222 586 rio
239 533 333 601 populi
352 533 469 586 Romani
480 525 677 603 obtemperare.
719 533 826 598 Quibus
842 533 944 588 auditis
961 534 1029 588 libe-

180 609 276 662 raliter
286 608 424 677 pollicitus
436 609 616 677 hortatusque
631 612 664 662 ut
677 609 705 662 in
724 625 758 662 ea
776 609 912 662 sententia
926 626 1031 677 perma-

181 688 279 738 nerent
293 702 340 739 000
351 685 461 738 domum
479 686 604 751 remittit,
619 688 648 738 et
665 701 727 738 cum
744 685 779 737 iis
797 701 852 738 una
871 685 1030 753 Commium,

181 777 264 829 quem
275 760 334 829 ipse
347 760 529 815 Atrebatibus
539 760 674 829 superatis
688 776 781 828 regem
793 760 832 813 ibi
843 762 1030 827 constituerat,

181 835 261 904 cujus
278 840 307 890 01
328 838 458 890 111111011
478 840 507 890 01
525 836 667 889 consilium
687 836 821 906 probabat
840 841 869 890 et
883 853 965 905 quem
979 837 1031 890 sibi

182 912 291 966 fidelem
318 929 378 966 esse
402 912 597 978 arbitrabatur,
616 912 749 980 cujusque
771 913 918 966 auctoritas
939 914 967 966 in
989 913 1031 966 his

182 988 337 1055 regionibus
349 988 441 1056 magni
452 988 614 1055 habebatur,
622 988 716 1042 mittit.
754 987 826 1040 Huie
838 987 955 1056 imperat
964 1005 1032 1058 quas

34 1089 72 1120 ἰ,
104 1101 120 1111 -
182 1063 268 1131 possit
287 1061 515 1117 raedarium
539 1064 721 1131 horteturque
744 1066 777 1116 ut
798 1064 892 1132 populi
916 1064 1033 1119 Romani

183 1138 266 1191 fidem
280 1142 436 1206 sequantur,
454 1155 538 1208 seque
557 1139 683 1193 celeriter
701 1155 734 1193 00
751 1143 896 1192 venturum
913 1141 1030 1195 nuntiet

183 1214 338 1268 Volusenus
360 1215 511 1282 perspectis
535 1214 692 1283 regionibus
711 1215 835 1268 omnibus
853 1218 986 1283 quantum
1004 1216 1030 1269 ei

182 1290 297 1344 facultas
309 1290 369 1343 dari
380 1291 479 1359 potuit,
492 1291 540 1359 011
551 1291 612 1344 nari
624 1290 721 1358 egredi
735 1307 767 1344 ae
782 1306 812 1344 se
827 1290 952 1344 barbaris
961 1307 1032 1344 com-

182 1367 294 1420 mittere
305 1383 359 1419 101
371 1366 493 1432 auderet,
506 1366 603 1435 quinto
616 1366 661 1419 (110
673 1367 711 1419 ad
723 1366 868 1420 0100110111
883 1367 1033 1421 revertitur

184 1458 310 1510 quaeque
321 1441 360 1494 ibi
371 1441 557 1511 perspexisset
571 1443 723 1496 renuntiat>

140 1510 147 1520 ”
231 1523 275 1572 22.
313 1517 385 1571 Dum
403 1518 432 1571 in
455 1518 499 1571 his
518 1518 584 1571 locis
594 1519 705 1587 ⁴Caesar
723 1517 833 1571 narium
851 1519 1035 1587 parandarum

183 1610 263 1647 causa
276 1596 406 1660 moratur,
419 1610 454 1646 ex
468 1610 567 1660 magna
582 1597 662 1662 parte
671 1594 848 1647 Morinorum
865 1595 902 1648 ad
917 1611 980 1648 eum
996 1596 1035 1649 le-

183 1669 240 1736 gati
249 1674 390 1738 venerunt,
403 1670 451 1738 qui
467 1686 497 1724 se
514 1669 550 1723 de
567 1670 713 1738 superioris
724 1669 855 1738 temporis
867 1670 977 1724 oonsilio
988 1688 1033 1725 ex-

183 1748 316 1812 cusarent,
329 1746 404 1814 quod
414 1745 538 1799 homines
544 1744 656 1799 barbari
668 1750 696 1800 et
705 1749 815 1800 nostrae
829 1746 1033 1800 consuetudinis

183 1820 304 1888 imperiti
313 1820 414 1874 bellum
428 1821 529 1890 populo
546 1821 811 1888 Romanoiecissent,
824 1838 908 1890 seque
920 1839 953 1875 ea
964 1839 1034 1891 quae

183 1894 344 1964 imperasset
351 1897 472 1951 facturos
479 1898 680 1967 polhcerentur.
712 1897 773 1951 Hoc
787 1897 840 1951 sibi
856 1898 956 1951 Caesar
968 1898 1035 1953 satis

183 1977 335 2041 opportune
347 1973 477 2032 accidisse
493 1974 650 2044 arbitratus,
663 1974 737 2044 quod
749 1990 838 2042 neque
850 1977 913 2042 post
925 1978 1034 2042 tergum

183 2048 289 2102 hostem
307 2049 462 2116 rehaquere
479 2049 589 2104 volebat
604 2068 694 2120 10010
711 2050 777 2105 belli
796 2050 910 2119 gerendi
922 2053 1036 2119 propter

183 2124 247 2177 anni
264 2128 372 2193 tempus
389 2125 549 2180 facultatem
566 2126 686 2181 habebat
699 2142 789 2195 neque
803 2126 853 2179 has
867 2127 1036 2180 tantularum

183 2216 274 2253 rerum
287 2202 477 2270 occupationes
490 2203 650 2257 Britanniae
667 2202 872 2270 anteponendas
884 2201 1035 2270 judicabat,

183 2290 311 2344 magnum
321 2277 354 2329 iis
362 2294 505 2332 numerum
514 2278 641 2332 obsidum
650 2279 774 2347 imperat.
794 2277 900 2341 Quibus
909 2277 1036 2332 adductis

183 2367 230 2404 eos
241 2352 270 2404 in
281 2352 364 2406 fidem
377 2354 487 2423 recepit.
515 2354 542 2408 N
543 2354 639 2408 aribus
647 2353 756 2408 circiter
766 2368 840 2406 111111
850 2353 982 2408 onerariis
993 2370 1036 2406 co-

183 2427 252 2480 actis
264 2429 473 2498 contractisque,
486 2430 561 2500 quod
573 2431 640 2484 satis
652 2446 713 2484 esse
724 2429 760 2482 ad
773 2429 841 2482 (1110
849 2432 1035 2497 transportan-

90 2554 106 2570 r
184 2493 803 2574 (110100101000110111111111,01010ηο1101
819 2505 928 2561 narium
945 2505 1037 2574 longa-

88 2616 101 2632 ..
183 2595 244 2632 rum
264 2578 382 2634 habebat
398 2577 548 2650 quaestori}
561 2581 659 2650 legatis
672 2581 872 2649 praefectisque
887 2581 1035 2637 distribuit.

183 2653 248 2707 Huc
264 2656 430 2710 accedebant
445 2672 518 2712 xrm
532 2657 673 2711 onerariae
689 2673 779 2726 naves,
795 2674 915 2726 011001
934 2674 966 2711 eo
978 2657 1036 2711 loco

183 2729 218 2783 ab
227 2730 337 2784 milibus
347 2748 475 2801 passuum
485 2736 547 2787 octo
564 2735 646 2786 vento
663 2732 829 2786 tenebantur
841 2749 896 2801 quo
908 2733 997 2786 minus
1008 2734 1036 2786 in

183 2806 300 2859 cundem
315 2811 426 2875 portum
436 2809 528 2862 venire
537 2812 663 2877 possent:
676 2809 725 2861 has
734 2808 874 2877 equitibus
883 2808 1034 2862 distribuit.

183 2880 330 2949 Reliquum
341 2884 491 2937 exercitum
502 2886 532 2949 Q.
542 2885 646 2938 Titurio
660 2885 759 2938 Sabino
774 2887 803 2937 et
813 2884 843 2938 L.
852 2884 1036 2937 Aummculeio

184 2957 283 3012 Cottae
305 2958 403 3026 legatis
419 2959 452 3025 ,iu
474 2961 616 3028 Menapios
632 2963 717 3027 atque
732 2960 760 3011 in
774 2975 821 3011 eos
836 2975 920 3027 pagos
936 2959 1036 3011 Morin-

183 3050 270 3101 orum,
283 3035 317 3088 ab
331 3034 430 3103 quibus
442 3037 479 3090 ad
491 3053 553 3090 eum
566 3035 650 3103 legati
662 3052 716 3088 non
731 3038 870 3099 venerant,
882 3034 1035 3088 ducendum

184 3109 264 3163 dedit
272 3130 280 3177 ;
299 3111 329 3165 P.
349 3111 497 3179 Sulpicium
516 3113 618 3167 Rufum
631 3111 752 3179 legatum
768 3126 830 3163 cum
844 3125 876 3162 eo
892 3107 1035 3176 praesidio,

185 3185 261 3254 quod
277 3187 345 3243 satis
361 3204 421 3243 0000
437 3188 632 3254 arbitrabatur,
648 3189 759 3255 portum
770 3188 864 3238 1011010
873 3181 965 3251 jussit.
