2175 3409
335 443 451 501 LIBER
469 442 654 511 qualiued

439 635 542 668 ...4-

73 785 115 854 Eri
131 816 202 869 quae
218 802 371 856 sanarent
386 789 484 867 hieme,
495 791 544 867 qui
560 797 614 853 luit
629 813 716 853 annus
733 796 780 853 Cn.
794 795 923 866 Pompeio
982 791 991 828 ‘f

72 875 111 930 hl.
123 876 223 931 Crasso
240 875 325 943 Coss,
340 874 471 944 Usipetes
486 874 616 928 Germani
629 877 660 927 et
674 874 743 928 item
757 872 923 928 Tcnchtheri

72 967 171 1019 magna
182 968 243 1006 eum
255 950 432 1006 multitudine
441 950 580 1004 hominum
590 948 690 1003 flumen
700 947 826 1002 Rhenum
835 952 923 1003 trans·

71 1026 170 1093 ierunt,
191 1043 244 1080 non
265 1027 345 1094 longe
364 1043 382 1080 a
401 1027 470 1080 mari
493 1042 547 1093 quo
570 1025 683 1078 Rhenus
702 1024 798 1078 influit
834 1023 924 1078 Causa

71 1103 230 1157 transeundi
244 1103 296 1157 luit
308 1102 381 1171 quod
398 1100 434 1155 ab
451 1100 547 1154 Suavis
563 1099 716 1168 complures
732 1116 817 1153 annos
833 1101 924 1168 exagi-

71 1177 124 1233 tati
147 1176 220 1233 bello
243 1177 439 1247 premebantur
463 1180 492 1230 et
512 1175 679 1244 agricultum
699 1174 923 1244 prohibebantur.

72 1253 221 1309 Sucronem
233 1271 301 1323 gens
313 1257 356 1308 est
368 1253 448 1321 longe
460 1252 580 1305 maxima
592 1253 621 1306 et
636 1250 841 1305 bellicosissima
856 1252 925 1305 Ger-

70 1346 212 1388 manorum
224 1329 352 1385 omnium.
391 1328 431 1381 lli
443 1331 552 1382 centum
568 1343 653 1396 pagos
669 1325 771 1379 habere
787 1326 923 1392 dicuntur,

71 1421 105 1459 ex
124 1404 223 1473 quibus
240 1404 386 1474 quotannis
404 1402 602 1472 singulamilia
619 1405 787 1456 armatorum
802 1400 924 1455 bellandi

71 1496 152 1535 eausa
163 1497 196 1535 ex
210 1480 309 1535 finibus
324 1480 451 1534 oducunt.
488 1478 599 1547 Reliqui
615 1477 663 1546 qui
677 1476 751 1530 domi
765 1481 924 1532 manserunt

71 1572 102 1611 se
119 1560 204 1625 atque
220 1556 280 1610 illos
297 1555 381 1611 alunt.
419 1555 458 1609 lli
474 1570 569 1608 rursus
586 1554 614 1608 in
630 1553 716 1608 vicem
731 1568 802 1606 anno
817 1556 880 1622 post
895 1553 925 1607 in

71 1632 154 1686 armis
169 1635 241 1697 suut,
253 1631 292 1686 illi
309 1630 384 1692 domi
402 1634 553 1685 remanent.
589 1630 633 1684 Sic
650 1644 741 1697 neque
758 1629 925 1697 agricultura

70 1724 121 1762 nec
131 1708 203 1762 ratio
214 1711 299 1777 atque
311 1724 376 1762 usus
391 1707 456 1761 belli
470 1704 672 1760 intermittitur.
683 1740 687 1746 ‚
708 1704 765 1759 Sed
778 1704 877 1774 privati
893 1721 937 1776 aev

72 1783 192 1854 separati
212 1784 270 1853 agri
294 1783 368 1854 apud
391 1800 437 1837 eos
461 1782 528 1836 nihil
549 1785 600 1849 est,
618 1797 709 1851 neque
728 1779 834 1848 longius
854 1797 925 1835 anno
1008 1831 1012 1842 ,

71 1875 212 1914 remanere
223 1876 277 1913 uno
289 1860 315 1914 in
327 1861 385 1915 loeo
397 1858 532 1913 incolendi
544 1874 624 1912 causa
635 1858 707 1912 lieet
743 1856 841 1925 Neque
857 1857 925 1916 mul-

71 1939 131 2007 tum
142 1934 348 2000 immutescit
364 1933 713 2003 maximamparteidlaete
728 1935 813 2001 atque
828 1949 926 2003 pecore
995 1949 1003 1970 ι

72 2001 173 2079 uiuant,
181 2005 351 2080 multumque
364 2010 469 2065 suntin
479 2009 685 2073 venationibus3
699 2025 824 2078 quaeres
833 2013 862 2063 et
871 2009 924 2064 eibi

70 2103 173 2177 genere
180 2091 209 2142 et
219 2087 378 2156 quotidiana
387 2088 584 2143 exercitatione
593 2088 622 2140 et
630 2084 760 2139 libertate
771 2085 842 2139 ritae
851 2085 926 2155 quod

71 2180 189 2234 apuerrs
197 2163 272 2218 nullo
282 2163 368 2218 officio
374 2168 423 2219 aut
433 2164 576 2234 disciplina
584 2162 730 2217 assuefacti
740 2161 807 2214 mlnl
816 2178 925 2216 omnmo

71 2242 166 2295 eontra
183 2239 353 2295 voluntatem
370 2240 471 2295 iaciant
488 2244 518 2296 et
534 2241 607 2296 vires
624 2238 675 2293 alit
693 2241 722 2292 et
739 2236 850 2291 immani
867 2253 925 2291 eor·

70 2332 167 2385 porum
184 2315 374 2385 magnitudine
391 2316 515 2371 homines
532 2317 625 2372 efficit.
662 2316 759 2385 Atque
774 2314 803 2368 in
819 2330 879 2368 earu
894 2330 925 2369 se

71 2392 295 2447 consuetudinem
314 2392 491 2447 adduxerunt
506 2397 539 2447 ut
554 2393 620 2447 loeis
636 2391 819 2461 frigidissimis
835 2405 925 2459 nequo

72 2469 189 2524 vestitus
201 2471 312 2538 praeter
324 2469 409 2538 pelles
420 2468 541 2529 habeant
551 2468 709 2559 quidquam,
719 2482 835 2536 quarum
844 2482 925 2535 prop-

71 2548 116 2599 ter
132 2545 310 2611 exiguitatem
327 2562 426 2614 magna
443 2550 486 2602 est
502 2546 624 2616 corporis
642 2559 705 2613 pars
723 2545 827 2612 aperta,
840 2545 870 2596 et
886 2540 924 2596 la-

72 2621 190 2674 veritur
182 2637 210 2674 in
223 2619 386 2674 fluminibus.

124 2701 149 2751 2.
184 2695 384 2750 Mercatoribus
396 2695 487 2752 estad
499 2711 546 2749 ees
558 2694 650 2748 aditus
661 2694 749 2762 magis
761 2710 794 2749 eo
808 2698 841 2749 ut
854 2653 925 2764 quae

72 2770 145 2826 bello
156 2773 278 2841 ceperint
290 2772 389 2843 quibus
400 2772 521 2828 vendant
532 2770 659 2835 habeant,
667 2787 749 2839 quam
759 2770 833 2839 quod
842 2770 925 2825 ullam

73 2862 132 2900 rem
145 2847 181 2901 ad
196 2863 226 2902 se
238 2848 380 2917 importari
394 2848 560 2903 desiderent.
598 2846 669 2912 Quin
684 2846 768 2901 etiam
781 2845 924 2915 jumentis,

74 2921 172 2989 quibus
181 2921 297 2977 maxime
307 2923 558 2979 (lallideleetantur
567 2923 925 2993 quaequoimpensdparant
986 2933 998 2954 ι’

74 2998 170 3064 pretio,
189 2999 318 3054 Germani
339 3000 494 3068 importatis
511 3000 555 3054 his
571 3017 626 3054 non
643 3003 767 3067 utuntur,
785 2998 835 3052 scd
853 3014 924 3068 qnae

75 3075 138 3124 sunt
158 3074 232 3140 apud
251 3090 297 3128 eos
315 3079 387 3142 nata,
405 3094 489 3145 prava
509 3080 593 3144 atque
612 3076 753 3144 deformia,
771 3074 839 3129 haec
858 3090 924 3142 quo·

75 3145 180 3199 tidiana
202 3151 398 3206 exercitatione
421 3153 518 3206 summi
541 3156 575 3207 ut
598 3153 653 3208 sint
674 3152 775 3207 laboris
795 3150 921 3207 efficiunt

4 3315 77 3385 k.
