2175 3409
514 130 626 177 LIBER
643 130 676 177 V.
985 131 1021 181 *75

166 211 284 265 multum
295 210 391 264 abesse
403 207 438 263 ab
449 224 483 263 eo
495 208 562 278 quin
573 208 667 277 paucis
682 205 779 261 diebus
794 207 894 262 deduci
908 208 1021 277 possint.

167 285 336 341 Collaudatis
353 284 486 339 militibus
502 288 586 352 atque
603 284 637 337 iis
649 283 697 352 qui
713 283 822 351 negotio
838 285 1021 351 praefuerant,

129 383 133 388 ¹
166 363 237 432 quid
248 362 308 415 fieri
324 361 390 415 velit
408 360 537 427 ostendit,
550 364 634 429 atque
650 375 744 413 omnes
760 359 796 412 ad
811 363 921 427 portum
934 360 1021 413 Itium

167 437 311 492 convenire
318 436 408 505 jubet,
417 453 470 504 quo
482 453 517 490 ex
526 440 608 505 portu
617 435 865 489 commodissimum
874 436 902 488 in
912 436 1022 489 Britan-

167 514 240 567 niam
252 512 400 579 trajectum
413 529 473 566 esse
484 514 648 579 cognoverat
660 510 769 565 circiter
777 511 882 564 milium
892 528 1021 580 passuum

166 604 225 641 xxx
236 586 426 642 transmissum
439 604 456 641 a
466 586 623 641 continenti.
660 585 733 639 Huic
744 587 784 639 rei
797 586 871 655 quod
883 588 950 640 satis
961 603 1021 640 esse

154 711 157 716 ,
168 665 256 718 visum
268 663 436 718 cstmilitum
445 662 572 731 reliquit:
584 663 643 730 ipse
652 678 713 727 cunr
722 661 875 729 legionibus
884 661 1022 729 expeditis

168 755 199 793 1v
212 742 242 793 et
253 738 393 807 equitibus
402 735 752 792 noccinfinesTrerirorum
757 737 943 806 proficiscitur,
949 737 1023 806 quod

127 861 129 865 ,
168 815 196 868 hi
208 815 346 883 nequead
356 814 469 869 concilia
481 813 634 879 veniebant,
647 829 737 881 neque
747 813 861 881 imperio
879 813 1021 882 parebant,

169 890 374 959 Germanosque
386 890 607 944 Transrhenanos
619 888 764 942 sollicitare
777 888 946 943 dicebantur.

76 960 80 966 ’
139 1023 141 1029 ,
221 972 244 1020 3.
281 967 358 1020 Haec
369 966 465 1019 civitas
476 966 556 1032 longe
571 965 718 1033 plurimum
734 964 819 1017 totius
831 965 934 1018 Galliae
946 964 1022 1033 equi-

168 1045 231 1096 tatu
249 1043 322 1095 valet
339 1058 505 1111 magnasque
520 1042 606 1095 habet
624 1041 714 1109 copias
732 1039 865 1108 peditum,
885 1039 1022 1093 Rhenum-

169 1133 231 1186 que,
248 1121 281 1171 ut
299 1133 381 1185 supra
399 1118 653 1183 demonstravimus,
672 1116 768 1183 tangit.
805 1116 839 1170 In
858 1132 892 1170 ea
910 1115 1021 1170 civitate

122 1254 124 1258 ⁷
168 1194 224 1247 duo
236 1193 271 1247 de
283 1194 436 1263 principatu
451 1194 525 1247 inter
541 1210 571 1247 se
588 1191 798 1258 contendebant,
815 1191 1022 1246 Induciomarus

170 1273 199 1323 et
216 1270 381 1339 Cingetorix,
401 1287 417 1323 e
434 1269 533 1339 quibus
549 1269 626 1335 alter,
644 1267 825 1334 simulatque
843 1267 862 1320 d
897 1267 1021 1321 Caesaris

56 1371 57 1374 ¹
168 1346 361 1414 legionumque
384 1346 504 1399 adventu
527 1345 664 1412 cognitum
683 1347 734 1410 est,
751 1343 821 1397 ade
917 1359 946 1395 m
967 1362 973 1406 ;
992 1358 1021 1395 se

168 1439 286 1491 suosque
295 1439 388 1476 omnes
396 1423 424 1476 in
434 1421 521 1475 officio
533 1421 641 1475 futuros
653 1437 744 1489 neque
755 1420 790 1474 ab
800 1419 920 1473 amicitia
929 1418 1022 1488 populi

169 1499 285 1551 Romani
296 1498 452 1551 defecturos
464 1497 641 1562 confirmarit,
656 1513 780 1565 quaeque
796 1497 824 1549 in
840 1495 959 1549 Treuiris
974 1511 1021 1563 ge-

168 1578 295 1628 rerentur
307 1573 436 1627 ostendit.
471 1575 512 1626 At
525 1572 733 1627 Induciomarus
747 1572 899 1640 equitatum
914 1570 1022 1639 pedita-

169 1654 283 1719 tumque
295 1666 400 1718 cogere,
412 1649 501 1716 iisque
513 1648 560 1717 qui
571 1664 623 1716 per
633 1650 754 1701 aetatem
766 1648 794 1700 in
806 1647 890 1701 armis
898 1663 958 1701 esse
966 1663 1022 1701 non

168 1730 296 1794 poterant
317 1726 346 1779 in
369 1725 465 1779 silvam
489 1724 668 1778 Arduennam
693 1723 802 1791 abditis,
826 1738 897 1792 quae
917 1722 1022 1790 ingenti

169 1801 358 1869 magnitudine
380 1818 431 1870 per
453 1800 559 1854 medios
581 1800 650 1855 fines
674 1800 848 1854 Trevirorum
871 1816 888 1853 a
910 1799 1022 1852 flumine

171 1877 267 1931 Rheno
279 1877 316 1930 ad
326 1877 436 1930 initium
449 1877 598 1930 Remorum
612 1876 742 1945 pertinet,
754 1875 856 1929 bellum
871 1890 970 1943 parare
983 1891 1048 1964 ig,x

170 1953 268 2007 stituit.
304 1952 359 2006 Sed
373 1956 551 2021 posteaquam
566 1951 687 2005 nonnulli
703 1951 839 2020 principes
857 1967 891 2004 ex
909 1967 942 2004 ea
959 1949 1022 2004 cirr-

170 2032 238 2096 tate,
256 2032 285 2083 et
303 2028 489 2082 familiaritate
507 2028 691 2096 Cingetorigis
713 2027 826 2081 adducti
849 2030 878 2081 et
902 2027 1020 2080 adventu

169 2105 256 2160 nostri
268 2105 405 2159 exercitus
417 2105 565 2173 perterriti,
578 2104 614 2157 ad
629 2104 775 2159 Caesarem
790 2106 925 2157 venerunt
940 2105 970 2155 et
986 2101 1022 2155 de
1079 2107 1081 2110 '

170 2182 227 2235 suis
245 2181 373 2251 priuatim
392 2180 474 2234 rebus
492 2180 527 2233 ab
548 2196 580 2234 eo
603 2183 698 2249 petere
719 2182 876 2247 coeperunt,
895 2195 914 2246 q
970 2177 1022 2231 'am

170 2256 274 2311 civitati
286 2257 427 2311 consulere
443 2272 498 2309 non
513 2260 633 2324 possent,
646 2255 853 2309 Induciomarus
868 2271 901 2308 re
910 2248 924 2265 ”
939 2270 972 2306 us
987 2269 1022 2306 ne

169 2332 206 2385 ab
228 2331 357 2405 omnibus
376 2332 551 2385 desereretur
574 2332 679 2399 legatos
697 2331 733 2384 ad
757 2332 903 2384 Caesarem
920 2328 1061 2415 mitt-ity

170 2424 231 2462 sese
254 2407 354 2461 ideirco
377 2408 412 2461 ab
433 2408 489 2461 suis
512 2406 654 2460 discedere
678 2410 761 2475 atquo
784 2405 820 2459 ad
844 2421 906 2489 eum
929 2420 1022 2457 vemre

170 2483 296 2551 noluisse,
313 2500 368 2552 qno
383 2482 487 2537 facilius
502 2482 642 2536 civitatem
658 2483 686 2534 in
704 2482 791 2535 officio
808 2460 1038 2547 contindfe'ffe‘

170 2559 258 2613 omnis
275 2558 426 2613 nobilitatis
444 2558 566 2612 discessu
582 2556 661 2626 plebs
677 2561 793 2626 propter
809 2555 1022 2625 impmdentiam

170 2635 323 2690 laberetur:
334 2635 429 2703 itaque
440 2651 501 2689 esse
517 2634 657 2688 civitatem
668 2633 697 2686 in
709 2649 759 2686 sua
770 2635 918 2701 potestate,
930 2648 1021 2700 seque,

171 2712 194 2765 si
207 2712 308 2766 Caesar
320 2712 501 2781 permitteret,
513 2711 551 2763 ad
567 2727 629 2764 eum
644 2710 673 2762 in
688 2713 778 2763 castra
794 2711 947 2775 venturum,
960 2722 1022 2760 suas

170 2786 346 2855 civitatisque
356 2787 481 2842 fortunas
493 2786 554 2855 ejus
565 2785 631 2839 fidei
642 2785 847 2854 permissurum.

222 2867 246 2916 4.
284 2863 392 2931 Caesar,
405 2863 457 2916 etsi
468 2861 641 2929 intelligebat
653 2877 708 2929 qua
719 2860 754 2914 de
765 2877 847 2914 causa
858 2875 891 2913 ea
900 2859 1021 2913 diceren-

170 2942 224 3006 tur,
245 2954 369 3008 quaeque
386 2953 449 2992 eum
466 2955 511 2992 res
528 2937 563 2991 ab
581 2937 707 2991 instituto
725 2937 837 2991 consilio
860 2935 1021 2999 deterreret,

170 3018 271 3083 tamen,
291 3031 326 3068 nc
344 3018 478 3069 aestatem
501 3016 530 3068 in
555 3014 672 3067 Treviris
695 3028 854 3066 consumere
877 3014 1023 3078 cogeretur

171 3092 296 3145 omnibus
313 3092 349 3145 ad
366 3091 554 3144 Britannicum
567 3089 670 3142 bellum
687 3087 770 3140 rebus
787 3086 958 3152 comparatis,
978 3084 1023 3135 In-

1 3134 9 3175 ·
113 3163 128 3216 l
171 3167 357 3222 duciomarum
369 3166 405 3220 ad
418 3182 520 3220 secum
533 3163 659 3220 ducentis
670 3160 811 3215 obsidibus
826 3158 919 3213 venire
929 3155 1021 3226 jussit
