2175 3409
90 137 120 189 fb
348 143 376 191 O.
397 141 499 191 JULII
517 142 690 192 CAESARIS

88 221 197 275 nomine
209 220 389 290 dolebant,‚et
401 221 538 279 Romanos
549 240 605 278 non
617 225 704 278 solum
716 223 848 280 itinerum
860 243 942 283 causa

88 296 138 350 sed
150 297 233 351 etiam
241 301 394 366 perpetuae
405 300 585 367 possessionis
601 300 720 355 culmina
736 301 851 370 Alpium
866 320 943 359 occu-

88 390 154 442 pare
175 373 265 427 conari
285 376 314 427 et
336 390 369 428 ea
386 375 446 429 loca
463 375 595 431 finitimae
614 377 771 445 provinciae
790 378 943 448 adjungere

86 449 138 503 sibi
151 451 317 518 persuasum
325 450 471 506 habebant.
649 508 652 513 ,
967 472 981 505 r

141 530 165 580 3.
202 519 255 579 His
267 527 370 580 nuntiis
383 527 502 596 acceptis
519 527 614 596 Galba,
627 545 711 597 quum
723 545 813 599 neque
825 548 893 601 opus
904 534 943 587 hi-

85 601 234 656 bernorum
246 602 468 673 munitionesque
485 603 565 672 plene
582 608 674 659 essent
692 606 838 675 perfectae,
851 624 942 678 neque

86 677 121 732 de
132 678 271 733 frumento
282 679 445 748 reliquoque
457 684 611 734 commeatu
623 681 691 735 satis
703 685 777 735 esset
792 684 940 753 provisum,

85 754 159 823 quod
183 753 324 809 deditione
348 755 424 808 facta
447 754 644 824 obsidibusque
667 757 787 826 acceptis
812 757 879 812 nihil
905 761 941 814 de

85 831 156 884 bello
171 831 323 885 timendum
341 831 555 897 existimaverat,
574 831 684 885 consilio
702 832 829 887 celeriter
844 850 941 890 conve

84 911 146 960 cato
159 906 309 961 sententias
321 906 466 976 exquirere
480 903 577 976 coepit.
615 908 674 973 Quo
686 907 714 961 in
725 909 843 977 consilio,
855 927 940 979 quum

83 986 192 1037 tantum
204 983 340 1051 repentini
354 982 468 1051 periculi
488 987 599 1051 praeter
618 984 773 1052 opinionem
788 985 939 1054 accidisset,

83 1074 115 1113 ac
129 1058 188 1127 jam
206 1059 371 1113 omniafere
392 1058 532 1126 superiora
551 1058 610 1112 loca
628 1058 806 1113 multitudine
824 1066 941 1116 armato

83 1151 144 1189 rum
167 1135 302 1203 completa
330 1135 559 1204 conspicerentur,
585 1152 675 1204 neque
704 1135 826 1189 subsidio
838 1131 953 1196 {veniri
987 1151 1004 1192 r

82 1228 172 1281 neque
184 1216 351 1266 commeatus
369 1212 525 1281 supportari
542 1212 699 1265 interclusis
718 1212 863 1267 itineribus
878 1230 940 1282 pos·

83 1291 152 1355 sent,
167 1304 253 1356 prope
267 1287 328 1355 jam
345 1287 493 1356 desperata
510 1288 599 1341 salute
619 1288 764 1341 nonnullae
783 1288 938 1355 hujusmodi
955 1343 957 1346 ,

83 1365 237 1417 sententiae
264 1363 432 1429 dicebantur,
454 1367 486 1417 ut
509 1364 714 1432 impedimentis
735 1364 838 1418 relictis
859 1382 939 1434 erup

81 1439 158 1493 tione
170 1439 241 1494 facta
253 1438 351 1493 iisdem
369 1439 515 1494 itineribus
532 1438 631 1508 quibus
647 1455 680 1493 eo
696 1440 885 1507 pervenissent
901 1442 938 1495 ad

82 1514 198 1569 salutem
209 1514 415 1569 contenderent.
453 1514 555 1583 Majori
571 1519 664 1569 tamen
680 1515 753 1582 parti
769 1515 871 1583 placuit
887 1518 938 1571 hoc

82 1595 222 1644 reservato
241 1590 277 1643 ad
296 1594 451 1645 extremum
475 1592 586 1646 oonsilio
608 1590 719 1646 interim
743 1591 785 1645 rei
809 1596 937 1646 eventum

83 1666 201 1734 experiri
215 1669 244 1720 et
256 1669 347 1721 castra
362 1666 518 1720 defendere.

132 1747 156 1795 4.
192 1741 276 1795 Brevi
300 1742 389 1810 spatio
414 1741 562 1810 interjecto
586 1741 632 1796 vix
650 1741 745 1796 uthis
764 1742 847 1796 rebus
868 1759 937 1811 quas

81 1818 286 1872 constituissent
315 1818 479 1873 collocandis
509 1821 594 1887 atque
618 1818 845 1872 administrandis
868 1822 937 1873 tem-

82 1910 133 1961 pus
146 1894 266 1961 daretur,
278 1895 373 1949 hostes
385 1911 419 1949 ex
433 1894 560 1948 omnibus
571 1894 698 1963 partibus
714 1894 791 1961 signo
809 1893 873 1948 dato
890 1894 937 1949 de-

83 1986 201 2038 currere,
217 1970 322 2040 lapides
341 1987 479 2040 gaesaque
495 1971 523 2024 in
544 1970 644 2024 vallum
663 1970 806 2038 conjicere.
841 1970 937 2025 Nostri
998 1981 1003 1990 “

81 2047 170 2115 primo
189 2047 304 2115 integris
321 2047 426 2101 viribus
442 2046 552 2101 fortiter
569 2062 722 2116 repugnare
740 2061 832 2114 neque
849 2045 935 2100 ullum

80 2123 184 2177 frustra
206 2123 291 2178 telum
310 2140 345 2177 ex
363 2123 422 2177 loco
446 2122 585 2192 superiore
604 2124 735 2187 mittere3
755 2125 788 2176 ut
812 2138 936 2191 quaeque

80 2215 145 2267 pars
168 2203 318 2253 castrorum
343 2200 447 2254 nudata
468 2198 657 2252 defensoribus
676 2198 763 2267 premi
783 2196 936 2268 videbatur,

80 2291 114 2328 eo
126 2279 315 2330 occurrere-et
335 2276 465 2329 auxilium
483 2276 564 2342 ferre,
581 2274 631 2328 sed
649 2275 701 2328 hoc
720 2274 842 2343 superari
861 2274 935 2342 quod

80 2350 264 2405 diuturnitate
277 2367 387 2420 pugnae
398 2351 493 2406 hostes
510 2351 610 2405 defessi
629 2350 733 2420 proelio
753 2349 933 2418 excedebant,

81 2427 126 2480 alii
138 2427 253 2496 integris
267 2427 372 2481 viribus
385 2427 587 2490 succedebant;
607 2443 723 2496 quarum
735 2443 828 2480 rerum
842 2442 859 2479 a
873 2442 935 2480 nos-

80 2503 132 2557 tris
144 2508 258 2572 propter
269 2503 436 2571 paucitatem
449 2502 509 2557 fieri
521 2501 590 2555 nihil
602 2505 720 2571 poterat,
736 2519 768 2556 ac
777 2515 838 2555 ‘non
853 2502 935 2556 modo

81 2578 188 2632 defesso
213 2595 248 2632 ex
271 2595 364 2647 pugna
387 2578 547 2647 excedendi,
571 2578 621 2632 sed
644 2596 680 2632 ne
703 2578 795 2633 saucio
822 2578 935 2647 quidem

81 2653 142 2721 ejus
157 2654 209 2709 loci
227 2653 276 2708 ubi
292 2655 455 2710 constiterat
474 2655 649 2722 relinquendi
668 2671 700 2708 ac
720 2655 763 2708 sui
784 2654 934 2722 recipiendi

79 2729 196 2785 facultas
209 2729 334 2785 dabatur.

133 2811 159 2859 5.
196 2805 557 2875 Quumjamampliushoris
565 2822 613 2860 sex
621 2806 934 2876 continenterpugnare-

65 2920 67 2924 ¹
81 2883 135 2946 tur,
143 2896 175 2934 ac
186 2896 241 2933 non
254 2881 341 2935 solum
352 2881 426 2935 vires
438 2882 486 2935 sed
499 2881 583 2936 etiam
595 2882 652 2936 tela
662 2884 764 2936 nostris
775 2882 933 2950 deficerent,

81 2956 165 3020 atque
178 2955 272 3008 hostes
287 2957 376 3010 acrius
391 2956 526 3012 instarent
541 2957 815 3027 languidioribusque
830 2959 933 3012 nostris

81 3029 182 3081 vallum
206 3030 330 3084 scindere
347 3035 377 3086 et
394 3033 479 3087 fossas
497 3032 634 3102 complere
654 3034 814 3102 coepissent,
833 3050 932 3102 resque

82 3105 156 3155 esset
175 3102 234 3170 jam
258 3104 294 3157 ad
318 3111 471 3162 extromum
494 3109 628 3178 perducta
650 3127 750 3178 casum,
771 3110 802 3164 P.
821 3110 932 3164 Sextius

83 3176 209 3245 Baculus
219 3177 300 3245 primi
311 3181 359 3248 pili
372 3184 503 3249 centurio,
516 3202 598 3251 quem
609 3186 727 3241 Nervico
739 3185 843 3255 proelio
859 3202 931 3240 com-

7 3319 88 3377 k,
