<?xml version="1.0" encoding="UTF-8"?>
<!DOCTYPE html PUBLIC "-//W3C//DTD XHTML 1.0 Transitional//EN"
    "http://www.w3.org/TR/xhtml1/DTD/xhtml1-transitional.dtd">
<html xmlns="http://www.w3.org/1999/xhtml" xml:lang="en" lang="en">
 <head>
  <title>
</title>
<meta http-equiv="Content-Type" content="text/html;charset=utf-8" />
  <meta name='ocr-system' content='tesseract 3.04.00' />
  <meta name='ocr-capabilities' content='ocr_page ocr_carea ocr_par ocr_line ocrx_word'/>
</head>
<body>
  <div class='ocr_page' id='page_1' title='image "./cjuliicaesarisc00longgoog_0169.png"; bbox 0 0 2175 3409; ppageno 0'>
   <div class='ocr_carea' id='block_1_1' title="bbox 425 112 1020 165">
    <p class='ocr_par' dir='ltr' id='par_1_1' title="bbox 425 112 1020 165">
     <span class='ocr_line' id='line_1_1' title="bbox 425 112 1020 165; baseline 0.003 -4"><span class='ocrx_word' id='word_1_1' title='bbox 425 115 429 122; x_wconf 86' lang='lat'>&#39;</span> <span class='ocrx_word' id='word_1_2' title='bbox 491 112 603 161; x_wconf 81' lang='lat' dir='ltr'><strong>LIBER</strong></span> <span class='ocrx_word' id='word_1_3' title='bbox 622 112 687 159; x_wconf 91' lang='lat' dir='ltr'>Vll.</span> <span class='ocrx_word' id='word_1_4' title='bbox 736 151 739 158; x_wconf 92' lang='lat'><em>.</em></span> <span class='ocrx_word' id='word_1_5' title='bbox 972 116 1020 165; x_wconf 76' lang='lat'>159</span> 
     </span>
    </p>
   </div>
   <div class='ocr_carea' id='block_1_2' title="bbox 165 191 1028 3235">
    <p class='ocr_par' dir='ltr' id='par_1_2' title="bbox 165 191 1021 729">
     <span class='ocr_line' id='line_1_2' title="bbox 165 191 1021 271; baseline -0.007 -16"><span class='ocrx_word' id='word_1_6' title='bbox 165 201 344 271; x_wconf 77' lang='lat' dir='ltr'><strong>pugnaretur,</strong></span> <span class='ocrx_word' id='word_1_7' title='bbox 357 195 497 252; x_wconf 75' lang='lat' dir='ltr'>Germani</span> <span class='ocrx_word' id='word_1_8' title='bbox 514 210 569 247; x_wconf 89' lang='lat' dir='ltr'>una</span> <span class='ocrx_word' id='word_1_9' title='bbox 585 193 615 247; x_wconf 90' lang='lat' dir='ltr'>in</span> <span class='ocrx_word' id='word_1_10' title='bbox 631 196 712 260; x_wconf 84' lang='lat' dir='ltr'>parte</span> <span class='ocrx_word' id='word_1_11' title='bbox 728 191 860 247; x_wconf 78' lang='lat' dir='ltr'>coniectis</span> <span class='ocrx_word' id='word_1_12' title='bbox 876 194 976 249; x_wconf 85' lang='lat' dir='ltr'>turmis</span> <span class='ocrx_word' id='word_1_13' title='bbox 992 196 1021 249; x_wconf 88' lang='lat' dir='ltr'>in</span> 
     </span>
     <span class='ocr_line' id='line_1_3' title="bbox 165 270 1021 345; baseline -0.009 -12"><span class='ocrx_word' id='word_1_14' title='bbox 165 280 260 333; x_wconf 86' lang='lat' dir='ltr'>hostes</span> <span class='ocrx_word' id='word_1_15' title='bbox 271 276 406 345; x_wconf 89' lang='lat' dir='ltr'>impetum</span> <span class='ocrx_word' id='word_1_16' title='bbox 417 273 543 326; x_wconf 86' lang='lat' dir='ltr'>fecerunt</span> <span class='ocrx_word' id='word_1_17' title='bbox 555 287 657 339; x_wconf 91' lang='lat' dir='ltr'>eosque</span> <span class='ocrx_word' id='word_1_18' title='bbox 668 270 865 340; x_wconf 89' lang='lat' dir='ltr'>propulerunt;</span> <span class='ocrx_word' id='word_1_19' title='bbox 876 270 981 339; x_wconf 79' lang='lat' dir='ltr'>‘quibus</span> <span class='ocrx_word' id='word_1_20' title='bbox 992 272 1021 325; x_wconf 91' lang='lat' dir='ltr'>iu</span> 
     </span>
     <span class='ocr_line' id='line_1_4' title="bbox 165 345 1019 423; baseline -0.009 -14"><span class='ocrx_word' id='word_1_21' title='bbox 165 356 260 423; x_wconf 84' lang='lat' dir='ltr'>fugam</span> <span class='ocrx_word' id='word_1_22' title='bbox 272 349 402 420; x_wconf 86' lang='lat' dir='ltr'>conjectis</span> <span class='ocrx_word' id='word_1_23' title='bbox 414 348 549 417; x_wconf 88' lang='lat' dir='ltr'>sagittarii</span> <span class='ocrx_word' id='word_1_24' title='bbox 558 347 735 401; x_wconf 84' lang='lat' dir='ltr'>circumventi</span> <span class='ocrx_word' id='word_1_25' title='bbox 746 345 940 416; x_wconf 73' lang='lat' dir='ltr'>interfectique</span> <span class='ocrx_word' id='word_1_26' title='bbox 948 351 1019 401; x_wconf 84' lang='lat' dir='ltr'>sunt</span> 
     </span>
     <span class='ocr_line' id='line_1_5' title="bbox 168 428 1021 499; baseline -0.004 -14"><span class='ocrx_word' id='word_1_27' title='bbox 168 433 241 485; x_wconf 83' lang='lat' dir='ltr'>Item</span> <span class='ocrx_word' id='word_1_28' title='bbox 253 448 288 485; x_wconf 86' lang='lat' dir='ltr'>ex</span> <span class='ocrx_word' id='word_1_29' title='bbox 299 429 411 498; x_wconf 91' lang='lat' dir='ltr'>reliquis</span> <span class='ocrx_word' id='word_1_30' title='bbox 419 428 545 499; x_wconf 87' lang='lat' dir='ltr'>partibus</span> <span class='ocrx_word' id='word_1_31' title='bbox 554 430 641 483; x_wconf 81' lang='lat' dir='ltr'><strong>nostri</strong></span> <span class='ocrx_word' id='word_1_32' title='bbox 650 429 781 484; x_wconf 83' lang='lat' dir='ltr'>cedentes</span> <span class='ocrx_word' id='word_1_33' title='bbox 790 445 876 498; x_wconf 89' lang='lat' dir='ltr'>usque</span> <span class='ocrx_word' id='word_1_34' title='bbox 884 430 921 483; x_wconf 91' lang='lat' dir='ltr'>ad</span> <span class='ocrx_word' id='word_1_35' title='bbox 929 434 1021 484; x_wconf 88' lang='lat' dir='ltr'>castra</span> 
     </span>
     <span class='ocr_line' id='line_1_6' title="bbox 166 505 1020 575; baseline -0.004 -14"><span class='ocrx_word' id='word_1_36' title='bbox 166 506 284 561; x_wconf 88' lang='lat' dir='ltr'>insecuti</span> <span class='ocrx_word' id='word_1_37' title='bbox 296 507 338 560; x_wconf 89' lang='lat' dir='ltr'>sui</span> <span class='ocrx_word' id='word_1_38' title='bbox 350 505 497 575; x_wconf 86' lang='lat' dir='ltr'>colligendi</span> <span class='ocrx_word' id='word_1_39' title='bbox 513 506 673 561; x_wconf 70' lang='lat' dir='ltr'>facultatem</span> <span class='ocrx_word' id='word_1_40' title='bbox 690 523 745 560; x_wconf 91' lang='lat' dir='ltr'>non</span> <span class='ocrx_word' id='word_1_41' title='bbox 762 505 905 560; x_wconf 84' lang='lat' dir='ltr'>dederunt</span> <span class='ocrx_word' id='word_1_42' title='bbox 942 507 984 561; x_wconf 83' lang='lat' dir='ltr'>At</span> <span class='ocrx_word' id='word_1_43' title='bbox 999 506 1020 558; x_wconf 92' lang='lat' dir='ltr'>ii</span> 
     </span>
     <span class='ocr_line' id='line_1_7' title="bbox 167 581 1021 660; baseline -0.001 -23"><span class='ocrx_word' id='word_1_44' title='bbox 167 583 214 653; x_wconf 88' lang='lat' dir='ltr'>qui</span> <span class='ocrx_word' id='word_1_45' title='bbox 226 583 262 637; x_wconf 92' lang='lat' dir='ltr'>ab</span> <span class='ocrx_word' id='word_1_46' title='bbox 275 582 371 637; x_wconf 78' lang='lat' dir='ltr'>Alesia</span> <span class='ocrx_word' id='word_1_47' title='bbox 381 585 573 659; x_wconf 65' lang='lat' dir='ltr'>processeram</span> <span class='ocrx_word' id='word_1_48' title='bbox 584 583 684 637; x_wconf 88' lang='lat' dir='ltr'>moesti</span> <span class='ocrx_word' id='word_1_49' title='bbox 696 598 781 653; x_wconf 84' lang='lat' dir='ltr'>prope</span> <span class='ocrx_word' id='word_1_50' title='bbox 792 581 908 636; x_wconf 82' lang='lat' dir='ltr'>victoria</span> <span class='ocrx_word' id='word_1_51' title='bbox 923 581 1021 660; x_wconf 76' lang='lat' dir='ltr'>despe-l</span> 
     </span>
     <span class='ocr_line' id='line_1_8' title="bbox 167 659 639 729; baseline -0.002 -16"><span class='ocrx_word' id='word_1_52' title='bbox 167 663 228 714; x_wconf 89' lang='lat' dir='ltr'>rata</span> <span class='ocrx_word' id='word_1_53' title='bbox 240 676 270 714; x_wconf 86' lang='lat' dir='ltr'>se</span> <span class='ocrx_word' id='word_1_54' title='bbox 281 660 310 712; x_wconf 91' lang='lat' dir='ltr'>in</span> <span class='ocrx_word' id='word_1_55' title='bbox 323 659 454 729; x_wconf 89' lang='lat' dir='ltr'>oppidum</span> <span class='ocrx_word' id='word_1_56' title='bbox 467 662 639 727; x_wconf 84' lang='lat' dir='ltr'>receperunt.</span> 
     </span>
    </p>

    <p class='ocr_par' dir='ltr' id='par_1_3' title="bbox 167 734 1022 2158">
     <span class='ocr_line' id='line_1_9' title="bbox 219 734 1019 804; baseline -0.001 -14"><span class='ocrx_word' id='word_1_57' title='bbox 219 741 260 791; x_wconf 82' lang='lat'>81.</span> <span class='ocrx_word' id='word_1_58' title='bbox 279 735 361 789; x_wconf 50' lang='lat' dir='ltr'>1Uno</span> <span class='ocrx_word' id='word_1_59' title='bbox 384 735 430 789; x_wconf 86' lang='lat' dir='ltr'>die</span> <span class='ocrx_word' id='word_1_60' title='bbox 454 735 611 789; x_wconf 88' lang='lat' dir='ltr'>intermisso</span> <span class='ocrx_word' id='word_1_61' title='bbox 634 734 707 790; x_wconf 87' lang='lat' dir='ltr'>Galli</span> <span class='ocrx_word' id='word_1_62' title='bbox 736 738 822 803; x_wconf 89' lang='lat' dir='ltr'>atque</span> <span class='ocrx_word' id='word_1_63' title='bbox 850 734 902 789; x_wconf 90' lang='lat' dir='ltr'>hoc</span> <span class='ocrx_word' id='word_1_64' title='bbox 930 735 1019 804; x_wconf 89' lang='lat' dir='ltr'>spatio</span> 
     </span>
     <span class='ocr_line' id='line_1_10' title="bbox 167 811 1018 880; baseline -0.001 -14"><span class='ocrx_word' id='word_1_65' title='bbox 167 828 266 880; x_wconf 85' lang='lat' dir='ltr'>magno</span> <span class='ocrx_word' id='word_1_66' title='bbox 281 812 406 879; x_wconf 90' lang='lat' dir='ltr'>cratium,</span> <span class='ocrx_word' id='word_1_67' title='bbox 420 811 562 878; x_wconf 87' lang='lat' dir='ltr'>scalarum,</span> <span class='ocrx_word' id='word_1_68' title='bbox 579 811 766 879; x_wconf 75' lang='lat' dir='ltr'>harpagonum</span> <span class='ocrx_word' id='word_1_69' title='bbox 783 826 896 865; x_wconf 89' lang='lat' dir='ltr'>numero</span> <span class='ocrx_word' id='word_1_70' title='bbox 914 811 1018 877; x_wconf 84' lang='lat' dir='ltr'>effecto,</span> 
     </span>
     <span class='ocr_line' id='line_1_11' title="bbox 167 886 1020 956; baseline -0.002 -14"><span class='ocrx_word' id='word_1_71' title='bbox 167 888 260 943; x_wconf 90' lang='lat' dir='ltr'>media</span> <span class='ocrx_word' id='word_1_72' title='bbox 277 891 358 941; x_wconf 90' lang='lat' dir='ltr'>nocte</span> <span class='ocrx_word' id='word_1_73' title='bbox 377 887 486 942; x_wconf 89' lang='lat' dir='ltr'>silentio</span> <span class='ocrx_word' id='word_1_74' title='bbox 506 904 541 941; x_wconf 83' lang='lat' dir='ltr'>ex</span> <span class='ocrx_word' id='word_1_75' title='bbox 560 888 658 941; x_wconf 84' lang='lat' dir='ltr'>castris</span> <span class='ocrx_word' id='word_1_76' title='bbox 676 887 781 955; x_wconf 76' lang='lat' dir='ltr'>egressi</span> <span class='ocrx_word' id='word_1_77' title='bbox 798 886 834 942; x_wconf 90' lang='lat' dir='ltr'>ad</span> <span class='ocrx_word' id='word_1_78' title='bbox 851 891 1020 956; x_wconf 80' lang='lat' dir='ltr'>campestres</span> 
     </span>
     <span class='ocr_line' id='line_1_12' title="bbox 167 959 1020 1033; baseline 0 -16"><span class='ocrx_word' id='word_1_79' title='bbox 167 959 333 1018; x_wconf 73' lang='lat' dir='ltr'>munitiones</span> <span class='ocrx_word' id='word_1_80' title='bbox 363 963 505 1018; x_wconf 83' lang='lat' dir='ltr'>accedunt</span> <span class='ocrx_word' id='word_1_81' title='bbox 542 962 640 1018; x_wconf 87' lang='lat' dir='ltr'>Subito</span> <span class='ocrx_word' id='word_1_82' title='bbox 668 963 786 1018; x_wconf 89' lang='lat' dir='ltr'>clamore</span> <span class='ocrx_word' id='word_1_83' title='bbox 815 963 932 1032; x_wconf 89' lang='lat' dir='ltr'>sublato,</span> <span class='ocrx_word' id='word_1_84' title='bbox 964 980 1020 1033; x_wconf 89' lang='lat' dir='ltr'>qua</span> 
     </span>
     <span class='ocr_line' id='line_1_13' title="bbox 169 1039 1020 1109; baseline 0 -16"><span class='ocrx_word' id='word_1_85' title='bbox 169 1040 366 1108; x_wconf 87' lang='lat' dir='ltr'>significatione</span> <span class='ocrx_word' id='word_1_86' title='bbox 377 1040 423 1109; x_wconf 91' lang='lat' dir='ltr'>qui</span> <span class='ocrx_word' id='word_1_87' title='bbox 435 1040 464 1093; x_wconf 90' lang='lat' dir='ltr'>in</span> <span class='ocrx_word' id='word_1_88' title='bbox 476 1040 577 1109; x_wconf 91' lang='lat' dir='ltr'>oppido</span> <span class='ocrx_word' id='word_1_89' title='bbox 589 1040 790 1094; x_wconf 75' lang='lat' dir='ltr'>obsidebantur</span> <span class='ocrx_word' id='word_1_90' title='bbox 800 1039 835 1093; x_wconf 88' lang='lat' dir='ltr'>de</span> <span class='ocrx_word' id='word_1_91' title='bbox 842 1056 891 1094; x_wconf 93' lang='lat' dir='ltr'>suo</span> <span class='ocrx_word' id='word_1_92' title='bbox 899 1040 1020 1094; x_wconf 82' lang='lat' dir='ltr'>adventu</span> 
     </span>
     <span class='ocr_line' id='line_1_14' title="bbox 169 1113 1019 1186; baseline -0.001 -17"><span class='ocrx_word' id='word_1_93' title='bbox 169 1113 332 1184; x_wconf 79' lang='lat' dir='ltr'>cognoscere</span> <span class='ocrx_word' id='word_1_94' title='bbox 354 1120 474 1185; x_wconf 88' lang='lat' dir='ltr'>possent,</span> <span class='ocrx_word' id='word_1_95' title='bbox 497 1119 588 1171; x_wconf 90' lang='lat' dir='ltr'>crates</span> <span class='ocrx_word' id='word_1_96' title='bbox 607 1116 751 1186; x_wconf 85' lang='lat' dir='ltr'>projicere,</span> <span class='ocrx_word' id='word_1_97' title='bbox 778 1116 879 1181; x_wconf 83' lang='lat' dir='ltr'>fundis,</span> <span class='ocrx_word' id='word_1_98' title='bbox 903 1116 1019 1185; x_wconf 85' lang='lat' dir='ltr'>sagittis,</span> 
     </span>
     <span class='ocr_line' id='line_1_15' title="bbox 169 1191 1020 1262; baseline 0.001 -17"><span class='ocrx_word' id='word_1_99' title='bbox 169 1191 307 1260; x_wconf 88' lang='lat' dir='ltr'>lapidibus</span> <span class='ocrx_word' id='word_1_100' title='bbox 324 1194 432 1245; x_wconf 85' lang='lat' dir='ltr'>nostros</span> <span class='ocrx_word' id='word_1_101' title='bbox 451 1191 487 1246; x_wconf 87' lang='lat' dir='ltr'>dc</span> <span class='ocrx_word' id='word_1_102' title='bbox 505 1192 577 1245; x_wconf 88' lang='lat' dir='ltr'>vallo</span> <span class='ocrx_word' id='word_1_103' title='bbox 597 1193 755 1261; x_wconf 80' lang='lat' dir='ltr'>deturbare,</span> <span class='ocrx_word' id='word_1_104' title='bbox 772 1193 931 1261; x_wconf 87' lang='lat' dir='ltr'>reliquaque</span> <span class='ocrx_word' id='word_1_105' title='bbox 949 1209 1020 1262; x_wconf 91' lang='lat' dir='ltr'>quae</span> 
     </span>
     <span class='ocr_line' id='line_1_16' title="bbox 169 1267 1020 1338; baseline 0.001 -17"><span class='ocrx_word' id='word_1_106' title='bbox 169 1268 206 1321; x_wconf 89' lang='lat' dir='ltr'>ad</span> <span class='ocrx_word' id='word_1_107' title='bbox 225 1267 454 1337; x_wconf 88' lang='lat' dir='ltr'>oppugnationem</span> <span class='ocrx_word' id='word_1_108' title='bbox 473 1268 614 1336; x_wconf 87' lang='lat' dir='ltr'>pertinent</span> <span class='ocrx_word' id='word_1_109' title='bbox 631 1272 730 1338; x_wconf 89' lang='lat' dir='ltr'>parant</span> <span class='ocrx_word' id='word_1_110' title='bbox 749 1268 948 1323; x_wconf 89' lang='lat' dir='ltr'>administrare.</span> <span class='ocrx_word' id='word_1_111' title='bbox 967 1269 1020 1322; x_wconf 89' lang='lat' dir='ltr'>Eo-</span> 
     </span>
     <span class='ocr_line' id='line_1_17' title="bbox 169 1339 1020 1413; baseline 0 -16"><span class='ocrx_word' id='word_1_112' title='bbox 169 1344 234 1398; x_wconf 89' lang='lat' dir='ltr'>dem</span> <span class='ocrx_word' id='word_1_113' title='bbox 257 1348 382 1413; x_wconf 91' lang='lat' dir='ltr'>tempore</span> <span class='ocrx_word' id='word_1_114' title='bbox 397 1339 517 1399; x_wconf 82' lang='lat' dir='ltr'>clamore</span> <span class='ocrx_word' id='word_1_115' title='bbox 534 1344 664 1399; x_wconf 89' lang='lat' dir='ltr'>exaudito</span> <span class='ocrx_word' id='word_1_116' title='bbox 681 1344 731 1399; x_wconf 89' lang='lat' dir='ltr'>dat</span> <span class='ocrx_word' id='word_1_117' title='bbox 748 1344 816 1399; x_wconf 86' lang='lat' dir='ltr'>tuba</span> <span class='ocrx_word' id='word_1_118' title='bbox 833 1344 941 1412; x_wconf 87' lang='lat' dir='ltr'>signum</span> <span class='ocrx_word' id='word_1_119' title='bbox 964 1344 1020 1398; x_wconf 87' lang='lat' dir='ltr'>suis</span> 
     </span>
     <span class='ocr_line' id='line_1_18' title="bbox 169 1417 1021 1489; baseline -0.001 -15"><span class='ocrx_word' id='word_1_120' title='bbox 169 1417 382 1488; x_wconf 73' lang='lat' dir='ltr'>Vercingetorix</span> <span class='ocrx_word' id='word_1_121' title='bbox 412 1423 497 1488; x_wconf 87' lang='lat' dir='ltr'>atque</span> <span class='ocrx_word' id='word_1_122' title='bbox 526 1437 561 1474; x_wconf 84' lang='lat' dir='ltr'>ex</span> <span class='ocrx_word' id='word_1_123' title='bbox 589 1419 691 1489; x_wconf 93' lang='lat' dir='ltr'>oppido</span> <span class='ocrx_word' id='word_1_124' title='bbox 716 1420 817 1475; x_wconf 89' lang='lat' dir='ltr'>educit.</span> <span class='ocrx_word' id='word_1_125' title='bbox 859 1420 962 1488; x_wconf 83' lang='lat' dir='ltr'>Nostri,</span> <span class='ocrx_word' id='word_1_126' title='bbox 988 1424 1021 1473; x_wconf 91' lang='lat' dir='ltr'>ut</span> 
     </span>
     <span class='ocr_line' id='line_1_19' title="bbox 170 1494 1019 1565; baseline -0.001 -15"><span class='ocrx_word' id='word_1_127' title='bbox 170 1494 355 1565; x_wconf 83' lang='lat' dir='ltr'>superioribus</span> <span class='ocrx_word' id='word_1_128' title='bbox 378 1496 476 1550; x_wconf 90' lang='lat' dir='ltr'>diebus</span> <span class='ocrx_word' id='word_1_129' title='bbox 500 1511 566 1550; x_wconf 88' lang='lat' dir='ltr'>suus</span> <span class='ocrx_word' id='word_1_130' title='bbox 586 1496 683 1565; x_wconf 87' lang='lat' dir='ltr'>cuique</span> <span class='ocrx_word' id='word_1_131' title='bbox 701 1498 776 1551; x_wconf 89' lang='lat' dir='ltr'>locus</span> <span class='ocrx_word' id='word_1_132' title='bbox 799 1499 860 1552; x_wconf 89' lang='lat' dir='ltr'>crat</span> <span class='ocrx_word' id='word_1_133' title='bbox 883 1495 1019 1564; x_wconf 86' lang='lat' dir='ltr'>delinitus,</span> 
     </span>
     <span class='ocr_line' id='line_1_20' title="bbox 169 1571 1019 1641; baseline 0.002 -17"><span class='ocrx_word' id='word_1_134' title='bbox 169 1571 382 1625; x_wconf 88' lang='lat' dir='ltr'>admonitiones</span> <span class='ocrx_word' id='word_1_135' title='bbox 400 1571 550 1639; x_wconf 88' lang='lat' dir='ltr'>accedunt;</span> <span class='ocrx_word' id='word_1_136' title='bbox 564 1571 664 1641; x_wconf 90' lang='lat' dir='ltr'>fundis,</span> <span class='ocrx_word' id='word_1_137' title='bbox 683 1572 826 1641; x_wconf 88' lang='lat' dir='ltr'>librilibus,</span> <span class='ocrx_word' id='word_1_138' title='bbox 844 1571 1019 1641; x_wconf 87' lang='lat' dir='ltr'>sudibusque,</span> 
     </span>
     <span class='ocr_line' id='line_1_21' title="bbox 170 1647 1020 1718; baseline 0.001 -18"><span class='ocrx_word' id='word_1_139' title='bbox 170 1663 237 1716; x_wconf 86' lang='lat' dir='ltr'>quas</span> <span class='ocrx_word' id='word_1_140' title='bbox 255 1647 383 1716; x_wconf 90' lang='lat' dir='ltr'>inopere</span> <span class='ocrx_word' id='word_1_141' title='bbox 402 1647 602 1716; x_wconf 81' lang='lat' dir='ltr'>disposuerant,</span> <span class='ocrx_word' id='word_1_142' title='bbox 623 1664 656 1702; x_wconf 89' lang='lat' dir='ltr'>ac</span> <span class='ocrx_word' id='word_1_143' title='bbox 678 1649 823 1718; x_wconf 85' lang='lat' dir='ltr'>glandibus</span> <span class='ocrx_word' id='word_1_144' title='bbox 846 1647 938 1703; x_wconf 86' lang='lat' dir='ltr'>Gallos</span> <span class='ocrx_word' id='word_1_145' title='bbox 960 1665 1020 1718; x_wconf 88' lang='lat' dir='ltr'>per-</span> 
     </span>
     <span class='ocr_line' id='line_1_22' title="bbox 170 1722 1020 1795; baseline 0.002 -20"><span class='ocrx_word' id='word_1_146' title='bbox 170 1725 284 1777; x_wconf 88' lang='lat' dir='ltr'>terrent.</span> <span class='ocrx_word' id='word_1_147' title='bbox 321 1722 473 1793; x_wconf 87' lang='lat' dir='ltr'>Prospectu</span> <span class='ocrx_word' id='word_1_148' title='bbox 490 1723 613 1777; x_wconf 88' lang='lat' dir='ltr'>tenebris</span> <span class='ocrx_word' id='word_1_149' title='bbox 630 1724 760 1795; x_wconf 84' lang='lat' dir='ltr'>adempto</span> <span class='ocrx_word' id='word_1_150' title='bbox 777 1726 865 1779; x_wconf 84' lang='lat' dir='ltr'>multa</span> <span class='ocrx_word' id='word_1_151' title='bbox 881 1725 1020 1793; x_wconf 90' lang='lat' dir='ltr'>utrimque</span> 
     </span>
     <span class='ocr_line' id='line_1_23' title="bbox 170 1799 1021 1870; baseline 0.004 -18"><span class='ocrx_word' id='word_1_152' title='bbox 170 1799 284 1853; x_wconf 78' lang='grc'><strong>6616666</strong></span> <span class='ocrx_word' id='word_1_153' title='bbox 303 1800 486 1868; x_wconf 87' lang='lat' dir='ltr'>accipiuntur:</span> <span class='ocrx_word' id='word_1_154' title='bbox 510 1800 650 1869; x_wconf 93' lang='lat' dir='ltr'>complura</span> <span class='ocrx_word' id='word_1_155' title='bbox 665 1803 810 1856; x_wconf 85' lang='lat' dir='ltr'>tormentis</span> <span class='ocrx_word' id='word_1_156' title='bbox 833 1801 889 1856; x_wconf 85' lang='lat' dir='ltr'>tela</span> <span class='ocrx_word' id='word_1_157' title='bbox 911 1801 1021 1870; x_wconf 89' lang='lat' dir='ltr'>conjici-</span> 
     </span>
     <span class='ocr_line' id='line_1_24' title="bbox 170 1875 1020 1946; baseline 0.002 -18"><span class='ocrx_word' id='word_1_158' title='bbox 170 1878 261 1929; x_wconf 87' lang='lat' dir='ltr'>untur.</span> <span class='ocrx_word' id='word_1_159' title='bbox 299 1875 340 1929; x_wconf 91' lang='lat' dir='ltr'>At</span> <span class='ocrx_word' id='word_1_160' title='bbox 353 1875 392 1929; x_wconf 85' lang='lat' dir='ltr'>M.</span> <span class='ocrx_word' id='word_1_161' title='bbox 406 1876 543 1929; x_wconf 88' lang='lat' dir='ltr'>Antonius</span> <span class='ocrx_word' id='word_1_162' title='bbox 558 1879 587 1930; x_wconf 87' lang='lat' dir='ltr'>et</span> <span class='ocrx_word' id='word_1_163' title='bbox 602 1877 631 1931; x_wconf 83' lang='lat' dir='ltr'>O.</span> <span class='ocrx_word' id='word_1_164' title='bbox 647 1877 796 1932; x_wconf 81' lang='lat' dir='ltr'>Trebonius</span> <span class='ocrx_word' id='word_1_165' title='bbox 810 1877 903 1946; x_wconf 85' lang='lat' dir='ltr'>legati,</span> <span class='ocrx_word' id='word_1_166' title='bbox 921 1878 1020 1945; x_wconf 91' lang='lat' dir='ltr'>quibus</span> 
     </span>
     <span class='ocr_line' id='line_1_25' title="bbox 171 1950 1021 2021; baseline 0.001 -17"><span class='ocrx_word' id='word_1_167' title='bbox 171 1950 223 2005; x_wconf 90' lang='lat' dir='ltr'>hae</span> <span class='ocrx_word' id='word_1_168' title='bbox 235 1954 328 2021; x_wconf 85' lang='lat' dir='ltr'>partes</span> <span class='ocrx_word' id='word_1_169' title='bbox 347 1952 384 2004; x_wconf 89' lang='lat' dir='ltr'>ad</span> <span class='ocrx_word' id='word_1_170' title='bbox 403 1951 606 2006; x_wconf 84' lang='lat' dir='ltr'>defendendum</span> <span class='ocrx_word' id='word_1_171' title='bbox 624 1951 801 2021; x_wconf 87' lang='lat' dir='ltr'>obvenerant,</span> <span class='ocrx_word' id='word_1_172' title='bbox 819 1969 873 2021; x_wconf 91' lang='lat' dir='ltr'>qua</span> <span class='ocrx_word' id='word_1_173' title='bbox 890 1956 1021 2021; x_wconf 83' lang='lat' dir='ltr'>exparte</span> 
     </span>
     <span class='ocr_line' id='line_1_26' title="bbox 171 2026 1022 2096; baseline 0.001 -16"><span class='ocrx_word' id='word_1_174' title='bbox 171 2029 278 2081; x_wconf 88' lang='lat' dir='ltr'>nostros</span> <span class='ocrx_word' id='word_1_175' title='bbox 290 2026 378 2096; x_wconf 86' lang='lat' dir='ltr'>premi</span> <span class='ocrx_word' id='word_1_176' title='bbox 392 2026 594 2094; x_wconf 81' lang='lat' dir='ltr'>intellexerant,</span> <span class='ocrx_word' id='word_1_177' title='bbox 612 2027 655 2082; x_wconf 91' lang='lat' dir='ltr'>his</span> <span class='ocrx_word' id='word_1_178' title='bbox 672 2029 775 2083; x_wconf 84' lang='lat' dir='ltr'>auxilio</span> <span class='ocrx_word' id='word_1_179' title='bbox 792 2045 827 2083; x_wconf 84' lang='lat' dir='ltr'>ex</span> <span class='ocrx_word' id='word_1_180' title='bbox 844 2027 1022 2082; x_wconf 89' lang='lat' dir='ltr'>ulterioribus</span> 
     </span>
     <span class='ocr_line' id='line_1_27' title="bbox 171 2102 656 2158; baseline 0 -1"><span class='ocrx_word' id='word_1_181' title='bbox 171 2102 291 2157; x_wconf 87' lang='lat' dir='ltr'>castellis</span> <span class='ocrx_word' id='word_1_182' title='bbox 303 2103 437 2157; x_wconf 89' lang='lat' dir='ltr'>deductos</span> <span class='ocrx_word' id='word_1_183' title='bbox 448 2103 656 2158; x_wconf 84' lang='lat' dir='ltr'>submittebant.</span> 
     </span>
    </p>

    <p class='ocr_par' dir='ltr' id='par_1_4' title="bbox 167 2178 1026 3161">
     <span class='ocr_line' id='line_1_28' title="bbox 223 2178 1022 2250; baseline 0.001 -17"><span class='ocrx_word' id='word_1_184' title='bbox 223 2185 264 2234; x_wconf 81' lang='lat'>82.</span> <span class='ocrx_word' id='word_1_185' title='bbox 299 2180 373 2233; x_wconf 90' lang='lat' dir='ltr'>Dum</span> <span class='ocrx_word' id='word_1_186' title='bbox 391 2179 498 2247; x_wconf 88' lang='lat' dir='ltr'>longius</span> <span class='ocrx_word' id='word_1_187' title='bbox 514 2179 549 2233; x_wconf 95' lang='lat' dir='ltr'>ab</span> <span class='ocrx_word' id='word_1_188' title='bbox 565 2179 716 2233; x_wconf 91' lang='lat' dir='ltr'>munitione</span> <span class='ocrx_word' id='word_1_189' title='bbox 731 2178 847 2233; x_wconf 88' lang='lat' dir='ltr'>aberant</span> <span class='ocrx_word' id='word_1_190' title='bbox 863 2180 943 2248; x_wconf 88' lang='lat' dir='ltr'>Galli,</span> <span class='ocrx_word' id='word_1_191' title='bbox 959 2180 1022 2250; x_wconf 88' lang='lat' dir='ltr'>plus</span> 
     </span>
     <span class='ocr_line' id='line_1_29' title="bbox 167 2254 1022 2325; baseline 0.001 -16"><span class='ocrx_word' id='word_1_192' title='bbox 167 2254 349 2310; x_wconf 84' lang='lat' dir='ltr'>multitudine</span> <span class='ocrx_word' id='word_1_193' title='bbox 366 2255 483 2309; x_wconf 85' lang='lat' dir='ltr'>telorum</span> <span class='ocrx_word' id='word_1_194' title='bbox 501 2254 697 2325; x_wconf 86' lang='lat' dir='ltr'>proficiebant:</span> <span class='ocrx_word' id='word_1_195' title='bbox 714 2259 893 2325; x_wconf 86' lang='lat' dir='ltr'>posteaquam</span> <span class='ocrx_word' id='word_1_196' title='bbox 911 2256 1022 2325; x_wconf 89' lang='lat' dir='ltr'>propius</span> 
     </span>
     <span class='ocr_line' id='line_1_30' title="bbox 172 2331 1023 2401; baseline 0.001 -17"><span class='ocrx_word' id='word_1_197' title='bbox 172 2334 369 2399; x_wconf 85' lang='lat' dir='ltr'>successerunt,</span> <span class='ocrx_word' id='word_1_198' title='bbox 382 2335 430 2386; x_wconf 87' lang='lat' dir='ltr'>aut</span> <span class='ocrx_word' id='word_1_199' title='bbox 439 2348 469 2385; x_wconf 91' lang='lat' dir='ltr'>se</span> <span class='ocrx_word' id='word_1_200' title='bbox 480 2331 532 2400; x_wconf 85' lang='lat' dir='ltr'>ipsi</span> <span class='ocrx_word' id='word_1_201' title='bbox 549 2332 666 2385; x_wconf 88' lang='lat' dir='ltr'>stimulis</span> <span class='ocrx_word' id='word_1_202' title='bbox 679 2331 850 2401; x_wconf 89' lang='lat' dir='ltr'>inopinantes</span> <span class='ocrx_word' id='word_1_203' title='bbox 864 2331 1023 2400; x_wconf 88' lang='lat' dir='ltr'>induebant,</span> 
     </span>
     <span class='ocr_line' id='line_1_31' title="bbox 172 2406 1023 2477; baseline 0 -16"><span class='ocrx_word' id='word_1_204' title='bbox 172 2409 221 2461; x_wconf 88' lang='lat' dir='ltr'>aut</span> <span class='ocrx_word' id='word_1_205' title='bbox 235 2406 263 2460; x_wconf 90' lang='lat' dir='ltr'>in</span> <span class='ocrx_word' id='word_1_206' title='bbox 277 2407 387 2468; x_wconf 88' lang='lat' dir='ltr'>scrobes</span> <span class='ocrx_word' id='word_1_207' title='bbox 402 2408 506 2476; x_wconf 91' lang='lat' dir='ltr'>delapsi</span> <span class='ocrx_word' id='word_1_208' title='bbox 521 2407 780 2477; x_wconf 86' lang='lat' dir='ltr'>transfodiebantur,</span> <span class='ocrx_word' id='word_1_209' title='bbox 794 2411 843 2462; x_wconf 88' lang='lat' dir='ltr'>aut</span> <span class='ocrx_word' id='word_1_210' title='bbox 858 2424 893 2462; x_wconf 86' lang='lat' dir='ltr'>ex</span> <span class='ocrx_word' id='word_1_211' title='bbox 906 2408 977 2462; x_wconf 83' lang='lat' dir='ltr'>vallo</span> <span class='ocrx_word' id='word_1_212' title='bbox 991 2424 1023 2462; x_wconf 93' lang='lat' dir='ltr'>ac</span> 
     </span>
     <span class='ocr_line' id='line_1_32' title="bbox 172 2482 1023 2552; baseline 0.001 -15"><span class='ocrx_word' id='word_1_213' title='bbox 172 2482 296 2538; x_wconf 90' lang='lat' dir='ltr'>turribus</span> <span class='ocrx_word' id='word_1_214' title='bbox 315 2483 458 2552; x_wconf 87' lang='lat' dir='ltr'>transjecti</span> <span class='ocrx_word' id='word_1_215' title='bbox 477 2483 540 2552; x_wconf 91' lang='lat' dir='ltr'>pilis</span> <span class='ocrx_word' id='word_1_216' title='bbox 563 2484 712 2538; x_wconf 87' lang='lat' dir='ltr'>muralibus</span> <span class='ocrx_word' id='word_1_217' title='bbox 734 2484 891 2539; x_wconf 88' lang='lat' dir='ltr'>interibant.</span> <span class='ocrx_word' id='word_1_218' title='bbox 926 2484 1023 2538; x_wconf 89' lang='lat' dir='ltr'>Multis</span> 
     </span>
     <span class='ocr_line' id='line_1_33' title="bbox 172 2558 1023 2630; baseline 0.002 -18"><span class='ocrx_word' id='word_1_219' title='bbox 172 2558 295 2628; x_wconf 88' lang='lat' dir='ltr'>undique</span> <span class='ocrx_word' id='word_1_220' title='bbox 310 2559 467 2614; x_wconf 88' lang='lat' dir='ltr'>vulneribus</span> <span class='ocrx_word' id='word_1_221' title='bbox 483 2560 610 2628; x_wconf 87' lang='lat' dir='ltr'>acceptis,</span> <span class='ocrx_word' id='word_1_222' title='bbox 627 2560 701 2614; x_wconf 90' lang='lat' dir='ltr'>nulla</span> <span class='ocrx_word' id='word_1_223' title='bbox 715 2561 866 2616; x_wconf 89' lang='lat' dir='ltr'>munitione</span> <span class='ocrx_word' id='word_1_224' title='bbox 883 2565 1023 2630; x_wconf 86' lang='lat' dir='ltr'>perrupta,</span> 
     </span>
     <span class='ocr_line' id='line_1_34' title="bbox 173 2636 1025 2706; baseline 0.002 -19"><span class='ocrx_word' id='word_1_225' title='bbox 173 2651 257 2703; x_wconf 89' lang='lat' dir='ltr'>quum</span> <span class='ocrx_word' id='word_1_226' title='bbox 268 2636 316 2688; x_wconf 83' lang='lat' dir='ltr'>lux</span> <span class='ocrx_word' id='word_1_227' title='bbox 328 2639 478 2705; x_wconf 89' lang='lat' dir='ltr'>appeteret,</span> <span class='ocrx_word' id='word_1_228' title='bbox 491 2636 619 2691; x_wconf 80' lang='lat' dir='ltr'>veriti-ne</span> <span class='ocrx_word' id='word_1_229' title='bbox 631 2636 666 2691; x_wconf 95' lang='lat' dir='ltr'>ab</span> <span class='ocrx_word' id='word_1_230' title='bbox 678 2637 765 2691; x_wconf 89' lang='lat' dir='ltr'>latere</span> <span class='ocrx_word' id='word_1_231' title='bbox 776 2641 872 2706; x_wconf 87' lang='lat' dir='ltr'>aperto</span> <span class='ocrx_word' id='word_1_232' title='bbox 884 2654 919 2692; x_wconf 83' lang='lat' dir='ltr'>ex</span> <span class='ocrx_word' id='word_1_233' title='bbox 931 2653 1025 2705; x_wconf 90' lang='lat' dir='ltr'>super-</span> 
     </span>
     <span class='ocr_line' id='line_1_35' title="bbox 172 2711 1025 2780; baseline -0.001 -15"><span class='ocrx_word' id='word_1_234' title='bbox 172 2711 276 2765; x_wconf 89' lang='lat' dir='ltr'>ioribus</span> <span class='ocrx_word' id='word_1_235' title='bbox 298 2712 396 2766; x_wconf 87' lang='lat' dir='ltr'>castris</span> <span class='ocrx_word' id='word_1_236' title='bbox 415 2713 558 2780; x_wconf 89' lang='lat' dir='ltr'>eruptione</span> <span class='ocrx_word' id='word_1_237' title='bbox 575 2712 843 2778; x_wconf 84' lang='lat' dir='ltr'>circumvenirentur,</span> <span class='ocrx_word' id='word_1_238' title='bbox 861 2729 891 2767; x_wconf 88' lang='lat' dir='ltr'>se</span> <span class='ocrx_word' id='word_1_239' title='bbox 907 2712 943 2766; x_wconf 88' lang='lat' dir='ltr'>ad</span> <span class='ocrx_word' id='word_1_240' title='bbox 961 2728 1025 2765; x_wconf 90' lang='lat' dir='ltr'>suos</span> 
     </span>
     <span class='ocr_line' id='line_1_36' title="bbox 173 2788 1025 2857; baseline 0 -16"><span class='ocrx_word' id='word_1_241' title='bbox 173 2791 344 2857; x_wconf 87' lang='lat' dir='ltr'>receperunt.</span> <span class='ocrx_word' id='word_1_242' title='bbox 380 2791 422 2842; x_wconf 85' lang='lat' dir='ltr'>At</span> <span class='ocrx_word' id='word_1_243' title='bbox 433 2788 584 2856; x_wconf 87' lang='lat' dir='ltr'>interiores,</span> <span class='ocrx_word' id='word_1_244' title='bbox 598 2788 663 2842; x_wconf 92' lang='lat' dir='ltr'>dum</span> <span class='ocrx_word' id='word_1_245' title='bbox 676 2804 709 2842; x_wconf 90' lang='lat' dir='ltr'>ea</span> <span class='ocrx_word' id='word_1_246' title='bbox 725 2804 796 2857; x_wconf 90' lang='lat' dir='ltr'>quae</span> <span class='ocrx_word' id='word_1_247' title='bbox 814 2805 830 2841; x_wconf 92' lang='lat' dir='ltr'>a</span> <span class='ocrx_word' id='word_1_248' title='bbox 847 2788 1025 2856; x_wconf 86' lang='lat' dir='ltr'>Vercingeto-</span> 
     </span>
     <span class='ocr_line' id='line_1_37' title="bbox 173 2863 1026 2934; baseline -0.001 -18"><span class='ocrx_word' id='word_1_249' title='bbox 173 2864 233 2931; x_wconf 89' lang='lat' dir='ltr'>rige</span> <span class='ocrx_word' id='word_1_250' title='bbox 245 2863 463 2933; x_wconf 85' lang='lat' dir='ltr'>ademptionem</span> <span class='ocrx_word' id='word_1_251' title='bbox 475 2868 640 2933; x_wconf 86' lang='lat' dir='ltr'>praeparata</span> <span class='ocrx_word' id='word_1_252' title='bbox 657 2868 737 2917; x_wconf 89' lang='lat' dir='ltr'>erant</span> <span class='ocrx_word' id='word_1_253' title='bbox 753 2866 903 2932; x_wconf 90' lang='lat' dir='ltr'>proferunt,</span> <span class='ocrx_word' id='word_1_254' title='bbox 921 2864 1026 2934; x_wconf 92' lang='lat' dir='ltr'>priores</span> 
     </span>
     <span class='ocr_line' id='line_1_38' title="bbox 174 2938 1025 3010; baseline -0.001 -18"><span class='ocrx_word' id='word_1_255' title='bbox 174 2938 259 2993; x_wconf 79' lang='lat' dir='ltr'>fossas</span> <span class='ocrx_word' id='word_1_256' title='bbox 271 2939 383 3010; x_wconf 89' lang='lat' dir='ltr'>explent</span> <span class='ocrx_word' id='word_1_257' title='bbox 390 2960 397 3004; x_wconf 90' lang='grc'><strong>;</strong></span> <span class='ocrx_word' id='word_1_258' title='bbox 409 2939 513 2993; x_wconf 89' lang='lat' dir='ltr'>diutius</span> <span class='ocrx_word' id='word_1_259' title='bbox 524 2940 551 2992; x_wconf 89' lang='lat' dir='ltr'>in</span> <span class='ocrx_word' id='word_1_260' title='bbox 564 2940 607 2994; x_wconf 90' lang='lat' dir='ltr'>bis</span> <span class='ocrx_word' id='word_1_261' title='bbox 615 2941 698 2994; x_wconf 88' lang='lat' dir='ltr'>rebus</span> <span class='ocrx_word' id='word_1_262' title='bbox 707 2940 930 2995; x_wconf 87' lang='lat' dir='ltr'>administrandis</span> <span class='ocrx_word' id='word_1_263' title='bbox 938 2956 1025 2992; x_wconf 87' lang='lat' dir='ltr'>mora-</span> 
     </span>
     <span class='ocr_line' id='line_1_39' title="bbox 174 3014 1025 3085; baseline -0.002 -18"><span class='ocrx_word' id='word_1_264' title='bbox 174 3014 197 3068; x_wconf 88' lang='lat' dir='ltr'>ti</span> <span class='ocrx_word' id='word_1_265' title='bbox 208 3014 284 3083; x_wconf 91' lang='lat' dir='ltr'>prius</span> <span class='ocrx_word' id='word_1_266' title='bbox 296 3027 359 3069; x_wconf 88' lang='lat' dir='ltr'>suos</span> <span class='ocrx_word' id='word_1_267' title='bbox 371 3015 527 3069; x_wconf 84' lang='lat' dir='ltr'>discessisse</span> <span class='ocrx_word' id='word_1_268' title='bbox 538 3020 724 3083; x_wconf 85' lang='lat' dir='ltr'>cognoverunt</span> <span class='ocrx_word' id='word_1_269' title='bbox 736 3033 819 3085; x_wconf 91' lang='lat' dir='ltr'>quam</span> <span class='ocrx_word' id='word_1_270' title='bbox 830 3014 1025 3069; x_wconf 87' lang='lat' dir='ltr'>munitionibus</span> 
     </span>
     <span class='ocr_line' id='line_1_40' title="bbox 175 3089 1026 3161; baseline -0.005 -18"><span class='ocrx_word' id='word_1_271' title='bbox 175 3091 432 3161; x_wconf 83' lang='lat' dir='ltr'>appropinquarent.</span> <span class='ocrx_word' id='word_1_272' title='bbox 464 3090 510 3144; x_wconf 90' lang='lat' dir='ltr'>lta</span> <span class='ocrx_word' id='word_1_273' title='bbox 519 3090 692 3144; x_wconf 85' lang='lat' dir='ltr'>reiufectain</span> <span class='ocrx_word' id='word_1_274' title='bbox 699 3089 831 3160; x_wconf 90' lang='lat' dir='ltr'>oppidum</span> <span class='ocrx_word' id='word_1_275' title='bbox 843 3093 1026 3143; x_wconf 78' lang='lat' dir='ltr'>reverterunt</span> 
     </span>
    </p>

    <p class='ocr_par' dir='ltr' id='par_1_5' title="bbox 227 3160 1028 3235">
     <span class='ocr_line' id='line_1_41' title="bbox 227 3160 1028 3235; baseline -0.011 -13"><span class='ocrx_word' id='word_1_276' title='bbox 227 3170 268 3222; x_wconf 82' lang='grc'>83.</span> <span class='ocrx_word' id='word_1_277' title='bbox 303 3166 352 3220; x_wconf 86' lang='lat' dir='ltr'>Bis</span> <span class='ocrx_word' id='word_1_278' title='bbox 368 3181 467 3235; x_wconf 83' lang='lat' dir='ltr'>magno</span> <span class='ocrx_word' id='word_1_279' title='bbox 487 3182 551 3221; x_wconf 89' lang='lat' dir='ltr'>cum</span> <span class='ocrx_word' id='word_1_280' title='bbox 568 3165 734 3220; x_wconf 90' lang='lat' dir='ltr'>detrimento</span> <span class='ocrx_word' id='word_1_281' title='bbox 750 3163 853 3232; x_wconf 88' lang='lat' dir='ltr'>repulsi</span> <span class='ocrx_word' id='word_1_282' title='bbox 870 3161 941 3216; x_wconf 88' lang='lat' dir='ltr'>Galli</span> <span class='ocrx_word' id='word_1_283' title='bbox 959 3160 1028 3229; x_wconf 89' lang='lat' dir='ltr'>quid</span> 
     </span>
    </p>
   </div>
   <div class='ocr_carea' id='block_1_3' title="bbox 1011 3317 1075 3385">
    <p class='ocr_par' dir='ltr' id='par_1_6' title="bbox 1011 3317 1075 3385">
     <span class='ocr_line' id='line_1_42' title="bbox 1011 3317 1075 3385; baseline 0 0"><span class='ocrx_word' id='word_1_284' title='bbox 1011 3317 1075 3385; x_wconf 69' lang='lat' dir='ltr'><em>A</em></span> 
     </span>
    </p>
   </div>
   <div class='ocr_carea' id='block_1_4' title="bbox 0 0 1101 3409">
    <p class='ocr_par' dir='ltr' id='par_1_7' title="bbox 0 0 1101 3409">
     <span class='ocr_line' id='line_1_43' title="bbox 0 0 1101 3409; baseline 0 0"><span class='ocrx_word' id='word_1_285' title='bbox 0 0 1101 3409; x_wconf 95' lang='lat' dir='ltr'> </span> 
     </span>
    </p>
   </div>
  </div>
 </body>
</html>
