2175 3409
98 256 102 264 .
173 220 257 285 atque
268 215 333 271 inde
348 215 448 284 modis,
462 214 580 283 sagittis,
593 216 737 270 tormentis
754 216 847 272 hostes
860 218 975 288 propelli
990 237 1023 274 ac

173 292 335 346 summoveri
353 291 453 359 jussit;
473 297 543 360 quae
565 308 609 345 res
633 307 731 360 magno
755 293 817 346 usui
839 296 939 348 nostris
961 295 1021 349 fuit.

173 368 245 421 Nam
263 372 292 422 et
309 369 418 420 navium
438 368 524 435 figura
543 370 573 420 et
591 383 728 420 remorum
749 371 827 422 motu
846 372 874 422 et
893 369 1024 425 inusitato

172 459 273 512 genere
291 445 489 497 tormentcrum
513 441 632 510 permoti
655 441 766 496 barbari
789 443 971 499 constiterunt
991 463 1024 500 ac

173 518 283 586 praalum
294 518 375 571 modo
386 517 485 586 pedem
498 516 672 572 rettulerunt.
709 520 805 586 Atque
816 520 916 573 numnis
931 521 1024 575 militi·

173 594 224 649 bus
236 592 424 649 cunctantibus
437 593 554 646 maxime
566 596 680 662 propter
692 593 865 648 altitudinem
877 596 967 663 maris,
976 596 1023 665 qui

172 669 294 724 decimae
305 669 421 738 legionis
433 668 553 737 aquilam
564 667 678 737 ferebat,
690 673 858 724 contestatus
870 670 935 725 deos
947 676 979 726 ut
991 690 1024 726 ea

172 763 217 800 ros
236 747 336 815 legioni
358 745 475 800 feliciter
486 745 616 813 eveniret,
628 745 857 815 Desilite,inquit,
866 748 1024 802 commilito

171 821 228 890 nc's,
235 823 288 876 nisi
298 822 381 876 vultis
390 822 509 891 aquilam
518 820 643 875 hostibus
652 822 780 891 prodere:
793 839 843 891 ego
850 827 925 877 certe
933 840 1024 878 meum

171 897 352 967 reipublicae
373 902 456 966 atquc
477 898 636 966 imperatori
649 898 943 967 officiumpraestitero.
962 900 1024 954 Hoc

172 991 257 1042 quum
269 991 333 1028 voce
344 990 443 1042 magna
455 973 580 1040 dixisset,
593 989 623 1027 se
634 990 669 1026 ex
684 973 746 1026 navi
764 974 879 1042 projecit
894 979 978 1044 atque
996 977 1024 1029 in

172 1051 265 1105 hostes
281 1050 399 1119 aquilam
411 1050 483 1103 ferre
496 1049 594 1118 coepit.
630 1049 698 1102 'lum
711 1049 798 1103 nostri
809 1049 943 1103 cohortati
953 1053 1025 1104 inter

171 1143 209 1193 sc,
224 1143 259 1180 ne
274 1130 381 1180 tantum
398 1125 518 1180 dedecus
535 1126 738 1193 admitteretur,
761 1126 880 1179 universi
903 1143 937 1180 ex
962 1126 1025 1180 navi

172 1202 347 1257 desiluerunt
385 1202 446 1255 Hos
454 1201 521 1257 item
533 1218 569 1255 ex
580 1202 711 1270 proximis
718 1201 812 1270 primis
820 1202 934 1256 navibus
940 1219 1025 1271 quum

171 1278 383 1347 conspexissent,
395 1274 534 1332 subsecuti
546 1276 670 1332 hostibus
683 1278 944 1347 appropinquarunt.

193 1402 196 1406 ,
224 1360 264 1410 26.
302 1354 457 1423 Pugnatum
475 1356 518 1409 est
534 1352 570 1408 ab
585 1354 711 1423 utrisque
727 1354 835 1408 acriter.
870 1354 966 1408 Nostri
983 1358 1025 1409 tn-

171 1448 242 1499 men,
249 1430 325 1500 quod
334 1448 424 1500 neque
431 1429 541 1484 ordines
549 1446 658 1484 servare
668 1447 757 1499 neque
765 1429 882 1485 firmiter
890 1430 1025 1499 insistere,

172 1524 263 1577 neque
275 1508 354 1576 signa
367 1506 497 1576 subsequi
511 1509 647 1574 poterant,
659 1510 743 1574 atque
756 1506 826 1559 alius
843 1506 896 1561 alia
912 1524 947 1561 ex
962 1507 1025 1561 navi

171 1583 377 1652 quibuscunque
401 1583 485 1651 signis
510 1585 666 1636 conumerat
684 1598 714 1636 se
736 1581 910 1650 aggregabat,
926 1598 1025 1650 magno

170 1675 254 1728 opere
264 1658 508 1729 perturbabantur:
525 1657 617 1712 hostes
629 1674 694 1712 vero
705 1659 779 1712 notis
797 1657 922 1712 omnibus
940 1658 1025 1724 vadis,

171 1736 219 1789 nbi
230 1752 264 1790 ex
275 1736 355 1789 litore
367 1734 474 1803 aliquos
485 1734 637 1800 singulares
650 1751 684 1787 ex
697 1735 760 1787 navi
773 1734 947 1802 egredientes
963 1751 1026 1788 con-

171 1814 326 1881 spexerant,
337 1809 459 1864 incitatis
470 1809 550 1877 equis
561 1809 710 1877 impeditos
723 1808 925 1877 adoriebantur,
933 1811 1026 1877 plures

88 1915 91 1922 ι
171 1903 272 1956 paucos
288 1885 531 1950 circumsistebant,
545 1885 592 1938 alii
608 1885 642 1938 ab
660 1885 747 1939 latere
763 1889 859 1954 aperto
875 1885 903 1937 in
919 1886 1026 1940 univer·

171 1969 216 2017 sos
245 1963 301 2017 tela
329 1962 518 2030 conjiciebant.
564 1961 644 2026 Quod
675 1978 759 2030 quum
787 1961 1026 2016 animadvertisset

75 2063 97 2088 a
172 2039 279 2106 Caesar,
304 2037 431 2105 scaphas*
444 2037 587 2105 longarum
610 2037 727 2105 navium,
751 2038 818 2091 item
847 2037 1026 2105 speculatoria

171 2114 279 2183 navigia
289 2113 423 2168 militibus
435 2112 564 2181 compleri
572 2111 665 2180 jussit,
677 2116 707 2166 et
718 2129 787 2181 quos
797 2112 953 2167 laborantes
963 2129 1025 2166 con-

171 2193 307 2318 ερρέθηῡ,
323 2188 389 2319 sig&
397 2188 526 2318 subm·
542 2187 729 2317 submitltebat.
765 2188 860 2317 Nosssri
885 2187 1025 2317 'simfirsstien

170 2282 212 2319 an
233 2281 322 2319 ocon
389 2281 441 2318 run
486 2280 542 2318 sms
564 2281 637 2317 cmm
657 2282 689 2317 us
711 2280 861 2319 consecula
883 2280 912 2316 m
965 2289 966 2292 ¹
1012 2280 1026 2317 s

171 2341 305 2410 impetum
318 2340 442 2410 feserunt
455 2305 543 2408 ’atquc
562 2357 609 2394 eos
626 2342 654 2392 in
672 2340 764 2407 fugam
783 2340 920 2393 dederunt
936 2354 1026 2408 neque

171 2417 278 2484 longius
289 2416 418 2485 prosequi
430 2419 586 2484 potuerunt,
600 2415 675 2485 quod
686 2415 795 2484 equites
808 2431 916 2470 cursum
931 2419 1026 2469 tenere

171 2497 256 2561 atque
276 2492 391 2547 insulam
410 2508 508 2561 capere
531 2508 585 2544 non
609 2495 762 2560 potuerant.
798 2492 860 2546 Hoc
882 2506 967 2544 unum
989 2488 1027 2543 ad

170 2567 315 2637 pristinam
327 2568 466 2622 iortrmam
479 2567 590 2622 Caesari
603 2567 702 2623 deluit.

223 2647 264 2701 at.
302 2643 404 2697 Hostes
415 2642 520 2713 proelio
531 2643 660 2711 superati,
674 2644 755 2698 simul
766 2646 851 2712 atque
865 2659 895 2697 se
911 2659 946 2696 ex
961 2642 1027 2710 fuga

169 2716 340 2788 receperunt,
357 2719 451 2773 statim
469 2719 506 2773 ad
525 2719 669 2774 Caesarem
686 2720 792 2788 legatos
809 2718 845 2772 de
862 2734 929 2787 pace
945 2717 1025 2770 mise

56 2802 59 2808 '
169 2800 243 2861 runt,
255 2794 365 2850 obsides
378 2794 490 2849 daturos
508 2811 633 2865 quaeque
650 2795 812 2864 imperasset
827 2793 948 2847 facturos
966 2807 1026 2846 seso

86 2927 90 2936 ,
170 2871 283 2941 polliciti
302 2875 372 2925 sunt.
408 2871 472 2925 Una
489 2870 612 2925 cumbis
629 2871 728 2938 legatis
746 2868 884 2924 Commius
903 2866 1025 2921 Atrebas

171 2949 255 3013 venit,
265 2963 347 3016 quem
359 2963 442 3017 supra
454 2947 703 3002 demonstraveram
715 2962 732 2999 a
746 2946 863 3000 Caesare
874 2945 903 2997 in
916 2943 1025 2996 Britan-

171 3025 244 3077 niam
255 3023 446 3092 praemissum.
484 3024 567 3078 Hunc
577 3020 617 3074 illi
629 3037 645 3074 e
656 3021 719 3075 navi
731 3036 879 3089 egressum,
892 3034 976 3087 quum
989 3015 1025 3069 ad

172 3115 219 3154 eos
239 3100 356 3154 oratoris
372 3100 454 3154 modo
472 3096 598 3156 Caesaris
615 3095 746 3151 mandata
760 3095 889 3160 deferret,
905 3107 1026 3158 compre

169 3174 326 3231 henderunt
349 3178 434 3243 atque
456 3175 486 3228 in
508 3171 617 3229 vincula
636 3171 824 3244 conjecerant:
844 3172 904 3221 tum
922 3162 1025 3233 proelio
