2175 3409
4 125 5 128 ¹
55 166 86 213 eo
304 156 334 206 e
358 155 460 205 Jenn
483 153 658 203 canensis

53 241 98 306 sis,
110 255 140 293 se
151 238 181 291 in
192 237 261 291 fines
272 233 407 290 Ubiorum
419 232 531 301 recepit,
545 232 659 300 atque'‘
641 248 675 286 ns
687 230 818 286 auxilinm
830 248 910 286 snum

4 315 198 384 pollicitus,
213 313 236 367 si
252 311 287 365 ab
305 311 401 365 Suevis
414 311 615 378 premerentur,
629 308 697 362 haec
713 309 783 362 ab'
764 326 799 362 ns
815 327 912 377 cogne

4 393 5 466 l
53 394 109 447 vit:
130 392 240 456 Suevos,
258 391 437 458 posteaquam
453 401 503 453 per
519 383 707 453 exploratores
723 390 836 455 pontem
850 387 911 439 fieri

53 467 258 537 comperissent,
271 480 348 517 more
359 480 408 517 suo
418 460 530 517 concilio
542 462 638 517 habito
653 465 787 517 nuntios'
779 481 808 516 ιιι
818 480 912 517 omnes

52 547 145 612 partes
157 541 300 608 dimisisse,
312 539 355 593 uti
367 540 403 594 de
415 539 523 608 oppidis
535 540 730 608 demigrarent,
743 539 899 605 liberos,ux

53 636 114 674 ores
126 634 230 686 suaque
242 616 332 670 omnia
344 616 372 669 in
385 615 460 669 silvis
472 615 649 685 deponerent,
661 620 744 685 atque
757 632 850 669 omnes
863 570 911 684 qui

53 711 129 749 arma
151 694 224 747 ferre
247 696 359 762 possent
378 710 462 746 unum
474 693 502 745 in
521 693 610 746 locum
627 693 820 746 convenirent:
839 692 912 745 hune

53 787 114 825 esse
126 769 263 823 delectum
276 766 468 823 mediumifere
480 757 621 837 regionum
634 785 728 823 earum
746 785 813 836 quos
829 768 910 822 Sueri

53 846 224 900 obtinerent:
240 845 284 898 hie
298 844 482 899 Romanorum
494 846 644 899 adventum
656 848 816 913 exspectare
828 848 911 912 atque

24 927 29 940 ·
53 921 93 975 ibi
111 921 253 974 decertare
271 921 451 976 constituisse.
490 921 571 985 Quod
588 920 637 974 ubi
655 922 756 974 Caesar
770 920 911 989 comperit,

54 997 180 1050 omnibus
191 997 274 1050 rebus
286 997 329 1050 his
341 998 471 1052 coniectis
487 1014 604 1066 quarum
618 1014 712 1050 rerum
728 1012 809 1050 causa
822 999 911 1049 trans*

54 1074 154 1127 ducere
166 1074 317 1128 exercitum
336 1075 527 1141 constituerat,
539 1077 572 1127 ut
592 1073 735 1127 Germanis
754 1076 859 1126 metum
872 1071 911 1124 in-

50 1150 158 1217 jiceret,
176 1152 208 1203 ut
229 1149 387 1218 Sigambros
408 1150 595 1218 ulcisceretur,
614 1153 646 1203 ut
665 1149 753 1203 Ubios
770 1147 911 1202 obsidione

54 1225 195 1293 liberaret,
215 1225 312 1279 diebus
330 1226 438 1279 omnine
455 1241 475 1279 x
493 1229 522 1280 et
539 1240 594 1278 vm
611 1234 688 1278 trans
707 1225 833 1278 Rhenum
850 1240 912 1277 con-

54 1302 172 1370 sumptis
186 1302 253 1355 satis
268 1304 297 1355 et
313 1302 349 1355 ad
364 1302 474 1355 laudem
490 1304 520 1356 et
541 1300 578 1354 ad
593 1301 743 1355 utilitatem
758 1302 912 1369 prefectum

54 1377 206 1430 arbitratus
219 1377 283 1430 sein
297 1377 413 1431 Galliam
426 1377 530 1445 recepit
542 1379 709 1445 pontemque
721 1375 841 1428 rescidit.

107 1458 148 1506 20.
184 1453 291 1519 Exigua
299 1458 378 1522 parte
390 1454 503 1508 aestatis
515 1454 622 1521 reliqua
634 1453 742 1518 Caesar,
760 1451 812 1504 etsi
824 1451 853 1503 in
867 1451 912 1505 his

55 1530 128 1596 locis,
145 1528 220 1598 quod
232 1530 319 1582 omnis
332 1530 421 1584 Gallia
432 1531 468 1583 ad
486 1529 698 1599 septemtriones
712 1528 809 1595 vergit,
825 1531 911 1580 matu-

56 1622 102 1659 rae
115 1608 178 1658 sunt
190 1604 302 1673 hiemes,
314 1609 407 1660 tamen
419 1608 447 1659 in
461 1606 632 1660 Britanniam
649 1604 785 1675 proficisci
802 1608 912 1657 eonten-

56 1683 104 1748 dit,
123 1680 198 1749 quod
215 1682 340 1736 omnibus
363 1684 422 1738 fere
441 1682 552 1738 Gallicis
570 1682 649 1736 bellis
667 1681 792 1736 hostibus
810 1679 913 1732 nostris

55 1758 121 1811 inde
133 1757 339 1813 subministrata
351 1761 452 1814 auxilia
464 1759 643 1827 intelligebat,
655 1762 685 1812 et
692 1759 716 1812 si
725 1763 833 1824 tempus
848 1756 913 1808 anni

55 1834 93 1887 ad
110 1833 212 1887 bellum
231 1837 384 1903 gerendum
404 1839 543 1903 deficeret,
564 1840 657 1889 tamen
677 1851 776 1902 magno
789 1832 841 1886 sibi
851 1829 912 1885 usui

55 1911 114 1965 fore
138 1910 324 1966 arbitrabatur
348 1914 371 1967 si
395 1914 476 1966 mode
500 1912 616 1966 insulam
641 1912 745 1965 adisset
768 1912 797 1962 et
825 1924 913 1976 genus

55 1986 195 2039 hominum
214 1990 407 2056 perspexisset,
421 1987 487 2057 loca,
499 1992 604 2057 pertus,
620 1987 712 2041 aditus
728 1984 912 2052 cognovisset3

57 2079 127 2131 quae
146 2063 236 2116 omnia
255 2065 313 2117 fere
334 2065 420 2119 Gallis
441 2069 520 2119 erant
538 2064 683 2132 incognita
722 2061 819 2129 Neque
839 2058 912 2112 enim

56 2143 161 2193 temere
172 2143 283 2207 praeter
296 2145 462 2196 mercatores
473 2141 520 2194 illo
533 2139 593 2193 adit
606 2139 756 2208 quisquam,
767 2151 857 2203 neque
868 2133 913 2186 his

56 2216 122 2305 ipsis
134 2215 284 2284 quidquam
297 2223 407 2287 praeter
420 2235 495 2272 oram
515 2217 683 2270 maritimam
702 2216 787 2281 atque
808 2227 854 2263 eas
870 2226 913 2262 re·

56 2293 152 2361 giones
172 2310 242 2362 quae
261 2299 325 2350 sunt
350 2299 444 2350 contra
476 2294 578 2349 Gallias
604 2295 700 2345 notum
725 2291 775 2342 est
813 2287 913 2353 Itaque

58 2369 160 2423 vocatis
172 2369 207 2422 ad
220 2387 250 2424 se
259 2372 379 2440 undique
391 2370 600 2425 mercatoribus
615 2383 705 2436 neque
719 2366 823 2435 quanta
839 2363 913 2415 esset

58 2445 161 2499 insulae
174 2447 444 2517 magnitude,neque
457 2449 588 2515 quaeant
605 2447 724 2513 quantae
738 2438 882 2494 nationes
875 2454 914 2490 ιιι-

58 2522 187 2586 colerent,
208 2540 297 2591 neque
318 2541 400 2593 quem
422 2540 502 2577 usum
519 2522 584 2575 belli
600 2519 734 2573 haberent
750 2519 798 2569 aut
814 2513 913 2582 quibus

58 2598 192 2652 institutis
211 2603 361 2669 uterentur,
378 2617 468 2669 neque
487 2598 535 2668 qui
554 2600 646 2652 essent
665 2595 703 2649 ad
718 2608 772 2659 maJ
775 2606 853 2644 orum
867 2604 913 2641 na-

60 2674 132 2725 vium
144 2675 223 2727 multi
225 2676 349 2729 tudinem
360 2676 451 2730 idonei
463 2679 566 2745 pertus,
579 2672 700 2761 reperire
712 2670 828 2738 poterat.

111 2755 152 2802 21
190 2751 237 2803 Ad
264 2751 332 2805 haee
359 2751 552 2821 cognoscenda,
576 2749 735 2818 priusquam
764 2742 914 2831 periculum

60 2824 169 2889 faceret,
181 2825 309 2879 idoneum
322 2844 382 2881 esse
394 2828 544 2882 arbitratus
559 2826 590 2881 0
603 2825 770 2878 Volusenum
781 2836 843 2873 oum
852 2817 914 2871 navi

61 2893 141 2966 101181
152 2901 312 2968 praemittit
349 2904 422 2957 Huic
437 2902 551 2956 mandat
567 2901 608 2955 uti
626 2899 774 2968 exploratis
790 2893 916 2948 omnibus
988 2963 999 2974 1

61 2974 143 3026 rebus
155 2976 232 3028 adse
244 2994 325 3045 quam
337 2979 456 3047 primum
472 2981 595 3032 revertat
595 2994 635 3031 ur
672 2976 736 3044 Ipse
753 2988 814 3027 cum
830 2968 916 3023 emni-

61 3048 112 3098 bus
124 3049 207 3114 copiis
223 3050 251 3102 in
266 3052 388 3106 Morinos
404 3055 594 3122 proficiscitur,
611 3051 683 3122 qued
699 3050 764 3103 inde
781 3050 842 3101 erat
855 3045 916 3098 bre

62 3121 188 3173 vissimue
200 3123 229 3174 in
246 3125 417 3180 Britanniam
436 3129 576 3196 trajectus.
612 3129 675 3181 Huc
695 3141 778 3179 naves
793 3121 916 3189 undique

63 3214 100 3252 ex
122 3197 246 3252 finitimis
262 3201 420 3268 regionibus
437 3207 467 3257 et
485 3218 568 3272 quarn
588 3203 728 3271 superiore
750 3200 857 3253 aestate
880 3196 917 3250 ad
