2175 3409
78 73 125 124 loo
328 74 357 124 Ο.
375 74 478 129 JULII
494 74 677 126 CAESARIS

77 151 107 203 et
119 165 174 220 quo
186 148 315 205 differant
325 151 378 207 bue
391 152 517 209 nationes
532 152 607 209 inter
620 168 682 209 sese
696 169 856 225 proponere.
891 157 927 212 Iu

77 224 167 281 Gallia
194 242 249 280 non
276 225 399 280 solum
391 245 420 282 m
447 230 575 290 omnibus
600 229 758 285 civitatibus
783 235 868 301 atque
896 232 927 287 iu

76 302 202 356 omnibus
214 301 293 371 pagis
304 302 493 375 partibusque,
505 306 556 362 sed
566 320 654 376 paene
666 305 775 360 etiam
766 323 795 360 m
813 308 927 396 singulis

76 377 203 432 domibus
215 377 348 436 factiones
367 384 440 450 sunt
457 398 607 453 earumque
623 381 778 437 bubonum
790 383 928 452 principes

76 456 140 507 sunt
159 453 206 521 qui
222 469 357 509 summam
375 457 569 513 auctoritatem
587 473 683 513 eorum
701 457 808 525 judicio
825 458 928 515 babere

75 528 276 597 existimantur,
291 547 407 601 quorum
420 532 458 586 ed
468 532 615 587 arbitrium
621 531 828 608 judiciumque
821 550 929 589 summa
982 576 985 579 ⁴

75 604 196 659 omnium
207 621 300 659 rerum
315 606 544 694 consiliorumque
560 608 666 664 redeat
702 608 835 678 quue
809 625 870 677 eJus
885 610 927 665 rei

74 696 156 735 causa
178 680 331 749 antiquitus
351 681 510 737 institutum
530 684 643 740 ridetur
661 685 776 773 nequis
792 685 927 774 explebe

73 758 169 810 contra
180 757 366 825 potentiorem
385 758 480 812 auxilii
499 763 610 828 egeret:
628 774 693 814 suos
713 760 786 814 enim
806 762 926 830 quisque

75 831 193 900 opprimi
212 835 243 886 et
255 833 452 889 circumveniri
473 850 527 888 non
545 834 660 903 patitur,
679 851 779 904 acque,
801 835 882 890 aliter
902 836 926 890 si

73 906 165 975 iaciat,
192 906 276 961 ullam
304 909 378 963 iuter
406 925 470 964 suos
496 909 582 965 habet
610 911 811 965 auctoritatem.
848 911 927 966 Haec

75 982 173 1037 eedem
185 983 256 1038 ratio
265 987 309 1039 est
320 984 349 1038 in
359 1000 466 1039 summa
473 985 561 1040 totius
570 986 691 1053 Gellise3
701 1001 820 1056 nemque
832 1002 928 1042 omnes

75 1059 201 1115 civitates
214 1059 243 1114 in
255 1064 349 1129 partes
362 1060 465 1115 divisae
477 1065 541 1115 suut
554 1060 630 1116 dues.

129 1139 169 1188 12
198 1136 289 1201 Quum
303 1136 405 1191 Caesar
415 1138 444 1191 in
457 1136 574 1190 Galliam
584 1137 668 1205 venit,
678 1136 927 1193 alteriusiaetionis

74 1209 213 1279 principes
228 1215 309 1266 erant
321 1211 421 1280 Aedui,
433 1212 548 1278 alterius
560 1212 688 1281 Sequani.
722 1213 763 1267 Hi
774 1228 860 1281 quum
874 1229 927 1281 per

74 1301 105 1340 se
123 1286 215 1340 minus
237 1288 367 1356 valerent,
385 1287 461 1357 quod
479 1303 585 1341 summe
604 1287 755 1342 auctoritas
774 1288 928 1355 antiquitus

75 1363 137 1415 erat
160 1363 190 1415 in
215 1362 324 1417 Aeduis
348 1379 519 1431 magnaeque
547 1378 643 1418 eorum
672 1366 753 1418 erant
774 1362 926 1431 clientelae,

76 1436 228 1491 Germanos
249 1441 335 1507 atque
357 1438 528 1492 Ariovistum
547 1438 599 1492 sibi
619 1438 805 1506 adjunxerant
825 1454 928 1508 eosque

75 1511 113 1564 ad
124 1527 155 1565 se
166 1512 274 1581 magnis
283 1512 401 1582 jacturis
418 1512 715 1583 pollicitationibusque
730 1514 928 1583 perduxerant

76 1586 193 1641 Proeliis
212 1604 277 1641 uero
296 1589 482 1658 compluribus
501 1588 583 1642 iactis
602 1589 729 1643 monadis
747 1593 834 1658 atque
851 1587 928 1644 omui

12 1713 17 1722 ,
74 1661 219 1717 nobilitate
235 1663 396 1718 Aeduorum
411 1664 565 1731 interfecta,
579 1667 689 1719 tantum
706 1665 831 1733 potentia
849 1668 928 1719 ante-

25 1740 27 1744 ’
75 1742 214 1793 cesserant
225 1741 259 1793 ut
270 1755 397 1808 magicum
408 1743 517 1809 partem
529 1739 670 1802 clientium
682 1741 719 1795 ab
729 1740 837 1795 Aeduis
847 1740 885 1793 ad
895 1756 929 1794 se

75 1813 286 1869 transducerent
302 1814 467 1886 obsidesque
477 1815 513 1870 ab
524 1816 559 1869 iis
569 1815 724 1885 principum
739 1816 810 1870 filios
822 1816 928 1885 accipe-

75 1893 138 1943 rent
149 1891 181 1947 et
187 1889 297 1959 publice
303 1890 401 1960 jurene
409 1893 540 1961 cogerent
549 1892 618 1945 nihil
630 1908 660 1946 se
671 1895 768 1947 contra
785 1892 928 1960 Sequanos

75 1964 180 2019 consilii
196 1965 320 2035 inituros,
336 1970 366 2022 et
377 1971 486 2036 partem
502 1966 611 2021 finitimi
628 1967 703 2035 agri
700 1983 756 2036 per
774 1967 830 2022 vim
848 1982 929 2021 occu·

74 2044 169 2110 patam
180 2040 354 2110 possiderent
371 2041 532 2112 Galliaeque
549 2041 636 2096 totius
651 2043 837 2113 principatum
854 2041 927 2096 obti-

74 2120 180 2178 nerent
215 2116 281 2193 Qua
301 2118 467 2172 necessitate
491 2118 630 2173 adductus
651 2118 813 2187 Diuitiaene,
831 2117 927 2180 auxilii

75 2193 190 2262 petendi
204 2209 289 2249 cause
302 2193 419 2249 Romam
441 2193 478 2247 ad
499 2197 626 2252 senstum
651 2194 834 2264 pmfectua'
825 2210 928 2262 unper-

75 2269 328 2325 fectareredierat
355 2270 486 2324 Adventu
498 2270 624 2324 Caesaris
632 2270 706 2326 fecta
714 2269 927 2324 commutatione
983 2269 986 2276 ’

77 2362 172 2399 rerum
192 2344 334 2400 obsidibus
353 2344 460 2399 Aeduis
480 2344 607 2412 redditis,
630 2345 771 2401 veteribus
793 2344 928 2400 clientelis

77 2421 222 2489 restitutis,
238 2421 316 2476 novis
330 2437 382 2489 per
396 2420 542 2475 Caesarem
556 2421 728 2490 comparatis,
743 2420 862 2491 quodhi
878 2420 928 2489 qui

77 2497 152 2552 sead
162 2514 257 2552 eorum
264 2496 413 2552 amicitiam
422 2501 639 2566 aggregaverant
648 2497 761 2552 meliore
770 2496 929 2552 conditione

77 2578 163 2644 etque
174 2574 304 2643 aequiore
317 2573 433 2643 imperio
446 2590 478 2639 se
493 2573 537 2627 uti
553 2572 693 2639 ridebant,
710 2572 827 2642 reliquis
843 2571 930 2626 rebus

77 2666 172 2705 eorum
191 2651 283 2718 gretia
306 2649 499 2719 dignitateque
521 2648 688 2717 amplificata
710 2648 832 2717 Sequani
854 2647 929 2717 prin·

77 2727 199 2795 cipetum
223 2725 393 2781 dimiserant
432 2725 467 2778 ln
488 2739 582 2777 eorum
605 2723 694 2777 locum
718 2723 800 2778 Remi
823 2738 930 2777 succes·

78 2803 186 2866 serent3
216 2817 286 2869 quos
309 2799 385 2870 quod
402 2798 558 2868 adaequare
579 2798 653 2867 apud
673 2799 820 2853 Caesarem
838 2798 931 2867 gratia
978 2827 984 2838 ·

77 2874 292 2944 intelligebatur,
311 2877 331 2930 ii
351 2876 399 2945 qui
417 2877 535 2963 propter
553 2876 662 2929 veteres
678 2873 836 2929 iuimicitias
853 2871 931 2927 nullo

78 2948 161 3003 modo
184 2967 247 3004 cum
273 2952 381 3006 Aeduis
408 2950 536 3019 conjungi
566 2952 697 3020 poterant
724 2966 755 3005 se
779 2948 931 3004 Remisin

79 3023 236 3077 clientelam
263 3026 401 3079 dicabant.
443 3025 504 3079 Hos
528 3025 569 3079 illi
596 3024 744 3094 diligenter
769 3025 930 3080 tuebuntur.

80 3093 128 3149 Its
144 3100 174 3150 et
192 3113 290 3151 novam
308 3103 338 3153 et
355 3102 469 3168 repente
483 3098 626 3155 collectam
641 3101 837 3156 auctoritatem
852 3102 932 3156 tene-
