<?xml version="1.0" encoding="UTF-8"?>
<!DOCTYPE html PUBLIC "-//W3C//DTD XHTML 1.0 Transitional//EN"
    "http://www.w3.org/TR/xhtml1/DTD/xhtml1-transitional.dtd">
<html xmlns="http://www.w3.org/1999/xhtml" xml:lang="en" lang="en">
 <head>
  <title>
</title>
<meta http-equiv="Content-Type" content="text/html;charset=utf-8" />
  <meta name='ocr-system' content='tesseract 3.04.00' />
  <meta name='ocr-capabilities' content='ocr_page ocr_carea ocr_par ocr_line ocrx_word'/>
</head>
<body>
  <div class='ocr_page' id='page_1' title='image "./cjuliicaesarisc00longgoog_0082.png"; bbox 0 0 2175 3409; ppageno 0'>
   <div class='ocr_carea' id='block_1_1' title="bbox 41 130 937 2723">
    <p class='ocr_par' dir='ltr' id='par_1_1' title="bbox 41 130 937 2723">
     <span class='ocr_line' id='line_1_1' title="bbox 86 130 811 190; baseline -0.004 -9"><span class='ocrx_word' id='word_1_1' title='bbox 86 131 118 182; x_wconf 79' lang='lat'><strong>72</strong></span> <span class='ocrx_word' id='word_1_2' title='bbox 150 135 153 140; x_wconf 76' lang='grc'>’</span> <span class='ocrx_word' id='word_1_3' title='bbox 340 132 369 179; x_wconf 78' lang='lat' dir='ltr'><strong>O.</strong></span> <span class='ocrx_word' id='word_1_4' title='bbox 387 131 488 179; x_wconf 85' lang='lat' dir='ltr'>JULII</span> <span class='ocrx_word' id='word_1_5' title='bbox 506 130 680 180; x_wconf 78' lang='lat' dir='ltr'><strong>CAESARIS</strong></span> <span class='ocrx_word' id='word_1_6' title='bbox 738 163 740 168; x_wconf 90' lang='lat'>-</span> <span class='ocrx_word' id='word_1_7' title='bbox 808 184 811 190; x_wconf 47' lang='grc'><strong>,</strong></span> 
     </span>
     <span class='ocr_line' id='line_1_2' title="bbox 41 208 936 283; baseline 0.007 -19"><span class='ocrx_word' id='word_1_8' title='bbox 41 225 47 234; x_wconf 77' lang='lat'><strong><em>‘</em></strong></span> <span class='ocrx_word' id='word_1_9' title='bbox 85 210 222 279; x_wconf 87' lang='lat' dir='ltr'><strong>dispersos</strong></span> <span class='ocrx_word' id='word_1_10' title='bbox 241 208 373 278; x_wconf 89' lang='lat' dir='ltr'><strong>depositis</strong></span> <span class='ocrx_word' id='word_1_11' title='bbox 391 210 474 264; x_wconf 85' lang='lat' dir='ltr'><strong>armis</strong></span> <span class='ocrx_word' id='word_1_12' title='bbox 489 211 518 264; x_wconf 93' lang='lat' dir='ltr'><strong>in</strong></span> <span class='ocrx_word' id='word_1_13' title='bbox 536 212 665 267; x_wconf 89' lang='lat' dir='ltr'><strong>metendo</strong></span> <span class='ocrx_word' id='word_1_14' title='bbox 682 216 828 283; x_wconf 89' lang='lat' dir='ltr'><strong>occupatos</strong></span> <span class='ocrx_word' id='word_1_15' title='bbox 845 213 936 270; x_wconf 89' lang='lat' dir='ltr'><strong>subito</strong></span> 
     </span>
     <span class='ocr_line' id='line_1_3' title="bbox 85 286 936 359; baseline 0.005 -19"><span class='ocrx_word' id='word_1_16' title='bbox 85 286 175 341; x_wconf 89' lang='lat' dir='ltr'><strong>adorti</strong></span> <span class='ocrx_word' id='word_1_17' title='bbox 188 286 282 355; x_wconf 79' lang='lat' dir='ltr'><strong>paucis</strong></span> <span class='ocrx_word' id='word_1_18' title='bbox 297 286 449 341; x_wconf 86' lang='lat' dir='ltr'><strong>interfectis</strong></span> <span class='ocrx_word' id='word_1_19' title='bbox 465 287 585 356; x_wconf 91' lang='lat' dir='ltr'><strong>reliquos</strong></span> <span class='ocrx_word' id='word_1_20' title='bbox 596 290 708 343; x_wconf 86' lang='lat' dir='ltr'><strong>incertis</strong></span> <span class='ocrx_word' id='word_1_21' title='bbox 722 291 862 344; x_wconf 84' lang='lat' dir='ltr'>ordinibus</span> <span class='ocrx_word' id='word_1_22' title='bbox 874 308 936 359; x_wconf 90' lang='lat' dir='ltr'><strong>per-</strong></span> 
     </span>
     <span class='ocr_line' id='line_1_4' title="bbox 84 366 935 435; baseline 0.006 -13"><span class='ocrx_word' id='word_1_23' title='bbox 84 366 935 435; x_wconf 68' lang='lat' dir='ltr'><strong>turbaverantsimuleqnitatuatqueessediscircumdederant.</strong></span> 
     </span>
     <span class='ocr_line' id='line_1_5' title="bbox 136 442 936 515; baseline 0.003 -16"><span class='ocrx_word' id='word_1_24' title='bbox 136 450 177 499; x_wconf 86' lang='lat'><strong>33.</strong></span> <span class='ocrx_word' id='word_1_25' title='bbox 213 444 306 499; x_wconf 86' lang='lat' dir='ltr'><strong>Genus</strong></span> <span class='ocrx_word' id='word_1_26' title='bbox 325 443 377 496; x_wconf 89' lang='lat' dir='ltr'><strong>hoe</strong></span> <span class='ocrx_word' id='word_1_27' title='bbox 395 446 438 496; x_wconf 87' lang='lat' dir='ltr'><strong>est</strong></span> <span class='ocrx_word' id='word_1_28' title='bbox 457 459 492 499; x_wconf 88' lang='lat' dir='ltr'><strong>ex</strong></span> <span class='ocrx_word' id='word_1_29' title='bbox 514 442 618 496; x_wconf 88' lang='lat' dir='ltr'><strong>essedis</strong></span> <span class='ocrx_word' id='word_1_30' title='bbox 636 460 756 511; x_wconf 78' lang='lat' dir='ltr'>pugnae:</span> <span class='ocrx_word' id='word_1_31' title='bbox 776 446 863 513; x_wconf 89' lang='lat' dir='ltr'><strong>primo</strong></span> <span class='ocrx_word' id='word_1_32' title='bbox 886 464 936 515; x_wconf 91' lang='lat' dir='ltr'><strong>per</strong></span> 
     </span>
     <span class='ocr_line' id='line_1_6' title="bbox 84 519 936 591; baseline 0.001 -16"><span class='ocrx_word' id='word_1_33' title='bbox 84 538 178 576; x_wconf 89' lang='lat' dir='ltr'><strong>omnes</strong></span> <span class='ocrx_word' id='word_1_34' title='bbox 195 522 289 590; x_wconf 86' lang='lat' dir='ltr'><strong>partes</strong></span> <span class='ocrx_word' id='word_1_35' title='bbox 302 519 476 587; x_wconf 76' lang='lat' dir='ltr'><strong>perequitant</strong></span> <span class='ocrx_word' id='word_1_36' title='bbox 491 522 521 572; x_wconf 92' lang='lat' dir='ltr'><strong>et</strong></span> <span class='ocrx_word' id='word_1_37' title='bbox 538 519 595 573; x_wconf 88' lang='lat' dir='ltr'><strong>tela</strong></span> <span class='ocrx_word' id='word_1_38' title='bbox 612 519 759 588; x_wconf 84' lang='lat' dir='ltr'><strong>conjiciunt</strong></span> <span class='ocrx_word' id='word_1_39' title='bbox 775 525 860 590; x_wconf 87' lang='lat' dir='ltr'><strong>atquo</strong></span> <span class='ocrx_word' id='word_1_40' title='bbox 877 523 936 591; x_wconf 90' lang='lat' dir='ltr'><strong>ipso</strong></span> 
     </span>
     <span class='ocr_line' id='line_1_7' title="bbox 84 594 936 667; baseline 0.002 -17"><span class='ocrx_word' id='word_1_41' title='bbox 84 601 191 652; x_wconf 86' lang='lat' dir='ltr'><strong>terrore</strong></span> <span class='ocrx_word' id='word_1_42' title='bbox 203 612 333 666; x_wconf 90' lang='lat' dir='ltr'><strong>equorum</strong></span> <span class='ocrx_word' id='word_1_43' title='bbox 346 597 375 649; x_wconf 91' lang='lat' dir='ltr'><strong>et</strong></span> <span class='ocrx_word' id='word_1_44' title='bbox 387 594 504 663; x_wconf 89' lang='lat' dir='ltr'><strong>strepitu</strong></span> <span class='ocrx_word' id='word_1_45' title='bbox 516 598 638 649; x_wconf 89' lang='lat' dir='ltr'><strong>rotarum</strong></span> <span class='ocrx_word' id='word_1_46' title='bbox 651 596 760 650; x_wconf 80' lang='lat' dir='ltr'>ordines</span> <span class='ocrx_word' id='word_1_47' title='bbox 775 598 936 667; x_wconf 89' lang='lat' dir='ltr'><strong>plerumque</strong></span> 
     </span>
     <span class='ocr_line' id='line_1_8' title="bbox 83 671 937 743; baseline -0.001 -14"><span class='ocrx_word' id='word_1_48' title='bbox 83 675 254 743; x_wconf 77' lang='lat' dir='ltr'><strong>perturbant,</strong></span> <span class='ocrx_word' id='word_1_49' title='bbox 267 676 295 728; x_wconf 90' lang='lat' dir='ltr'><strong>et</strong></span> <span class='ocrx_word' id='word_1_50' title='bbox 308 688 391 739; x_wconf 92' lang='lat' dir='ltr'><strong>quum</strong></span> <span class='ocrx_word' id='word_1_51' title='bbox 404 687 434 724; x_wconf 92' lang='lat' dir='ltr'><strong>se</strong></span> <span class='ocrx_word' id='word_1_52' title='bbox 445 671 517 725; x_wconf 88' lang='lat' dir='ltr'><strong>inter</strong></span> <span class='ocrx_word' id='word_1_53' title='bbox 530 672 656 740; x_wconf 88' lang='lat' dir='ltr'><strong>equitum</strong></span> <span class='ocrx_word' id='word_1_54' title='bbox 668 677 774 727; x_wconf 88' lang='lat' dir='ltr'><strong>turmas</strong></span> <span class='ocrx_word' id='word_1_55' title='bbox 788 673 937 728; x_wconf 77' lang='lat' dir='ltr'><strong>insinuare</strong></span> 
     </span>
     <span class='ocr_line' id='line_1_9' title="bbox 84 746 936 818; baseline -0.001 -14"><span class='ocrx_word' id='word_1_56' title='bbox 84 755 156 817; x_wconf 86' lang='lat' dir='ltr'><strong>runt,</strong></span> <span class='ocrx_word' id='word_1_57' title='bbox 169 767 203 804; x_wconf 89' lang='lat' dir='ltr'><strong>ex</strong></span> <span class='ocrx_word' id='word_1_58' title='bbox 215 749 318 804; x_wconf 75' lang='lat' dir='ltr'>essedis</span> <span class='ocrx_word' id='word_1_59' title='bbox 331 748 460 802; x_wconf 91' lang='lat' dir='ltr'><strong>desiliunt</strong></span> <span class='ocrx_word' id='word_1_60' title='bbox 472 751 501 801; x_wconf 90' lang='lat' dir='ltr'><strong>et</strong></span> <span class='ocrx_word' id='word_1_61' title='bbox 513 746 629 815; x_wconf 87' lang='lat' dir='ltr'><strong>pedibus</strong></span> <span class='ocrx_word' id='word_1_62' title='bbox 643 749 818 818; x_wconf 86' lang='lat' dir='ltr'><strong>proeliantur.</strong></span> <span class='ocrx_word' id='word_1_63' title='bbox 855 752 936 803; x_wconf 86' lang='lat' dir='ltr'><strong>Auri-</strong></span> 
     </span>
     <span class='ocr_line' id='line_1_10' title="bbox 83 824 936 896; baseline 0 -15"><span class='ocrx_word' id='word_1_64' title='bbox 83 845 135 896; x_wconf 85' lang='lat' dir='ltr'><strong>gae</strong></span> <span class='ocrx_word' id='word_1_65' title='bbox 157 828 268 884; x_wconf 87' lang='lat' dir='ltr'><strong>interim</strong></span> <span class='ocrx_word' id='word_1_66' title='bbox 290 825 422 894; x_wconf 86' lang='lat' dir='ltr'><strong>paulatim</strong></span> <span class='ocrx_word' id='word_1_67' title='bbox 446 840 481 877; x_wconf 90' lang='lat' dir='ltr'><strong>ex</strong></span> <span class='ocrx_word' id='word_1_68' title='bbox 504 825 607 892; x_wconf 89' lang='lat' dir='ltr'><strong>proelio</strong></span> <span class='ocrx_word' id='word_1_69' title='bbox 631 824 767 879; x_wconf 88' lang='lat' dir='ltr'><strong>excedunt</strong></span> <span class='ocrx_word' id='word_1_70' title='bbox 790 829 874 893; x_wconf 84' lang='lat' dir='ltr'><strong>atque</strong></span> <span class='ocrx_word' id='word_1_71' title='bbox 896 827 936 881; x_wconf 86' lang='lat' dir='ltr'><strong>ita</strong></span> 
     </span>
     <span class='ocr_line' id='line_1_11' title="bbox 83 898 936 969; baseline -0.002 -12"><span class='ocrx_word' id='word_1_72' title='bbox 83 921 179 958; x_wconf 84' lang='lat' dir='ltr'><strong>eunus</strong></span> <span class='ocrx_word' id='word_1_73' title='bbox 188 903 327 969; x_wconf 83' lang='lat' dir='ltr'><strong>collocant,</strong></span> <span class='ocrx_word' id='word_1_74' title='bbox 336 905 368 955; x_wconf 91' lang='lat' dir='ltr'><strong>ut</strong></span> <span class='ocrx_word' id='word_1_75' title='bbox 377 901 401 953; x_wconf 88' lang='lat' dir='ltr'><strong>si</strong></span> <span class='ocrx_word' id='word_1_76' title='bbox 412 900 452 954; x_wconf 90' lang='lat' dir='ltr'><strong>illi</strong></span> <span class='ocrx_word' id='word_1_77' title='bbox 464 917 480 953; x_wconf 89' lang='lat' dir='ltr'><strong>a</strong></span> <span class='ocrx_word' id='word_1_78' title='bbox 491 898 668 953; x_wconf 89' lang='lat' dir='ltr'><strong>multitudine</strong></span> <span class='ocrx_word' id='word_1_79' title='bbox 680 898 800 953; x_wconf 90' lang='lat' dir='ltr'><strong>hostium</strong></span> <span class='ocrx_word' id='word_1_80' title='bbox 811 917 936 969; x_wconf 87' lang='lat' dir='ltr'><strong>preman-</strong></span> 
     </span>
     <span class='ocr_line' id='line_1_12' title="bbox 83 976 936 1047; baseline -0.002 -14"><span class='ocrx_word' id='word_1_81' title='bbox 83 983 130 1033; x_wconf 90' lang='lat' dir='ltr'><strong>tur</strong></span> <span class='ocrx_word' id='word_1_82' title='bbox 143 979 302 1047; x_wconf 89' lang='lat' dir='ltr'><strong>expeditum</strong></span> <span class='ocrx_word' id='word_1_83' title='bbox 316 978 352 1031; x_wconf 93' lang='lat' dir='ltr'><strong>ad</strong></span> <span class='ocrx_word' id='word_1_84' title='bbox 369 993 431 1030; x_wconf 91' lang='lat' dir='ltr'><strong>snos</strong></span> <span class='ocrx_word' id='word_1_85' title='bbox 447 979 588 1043; x_wconf 89' lang='lat' dir='ltr'><strong>receptum</strong></span> <span class='ocrx_word' id='word_1_86' title='bbox 605 976 731 1030; x_wconf 78' lang='lat' dir='ltr'><strong>habeant.</strong></span> <span class='ocrx_word' id='word_1_87' title='bbox 769 977 815 1031; x_wconf 85' lang='lat' dir='ltr'><strong>Ita</strong></span> <span class='ocrx_word' id='word_1_88' title='bbox 832 977 936 1041; x_wconf 91' lang='lat' dir='ltr'><strong>mobili-</strong></span> 
     </span>
     <span class='ocr_line' id='line_1_13' title="bbox 83 1052 935 1124; baseline 0 -15"><span class='ocrx_word' id='word_1_89' title='bbox 83 1060 170 1109; x_wconf 88' lang='lat' dir='ltr'><strong>tatem</strong></span> <span class='ocrx_word' id='word_1_90' title='bbox 179 1052 935 1124; x_wconf 84' lang='lat' dir='ltr'><strong>equitum,stabilitatempedituminproeliispraestant,</strong></span> 
     </span>
     <span class='ocr_line' id='line_1_14' title="bbox 83 1129 936 1199; baseline -0.001 -14"><span class='ocrx_word' id='word_1_91' title='bbox 83 1149 114 1186; x_wconf 88' lang='lat' dir='ltr'><strong>ac</strong></span> <span class='ocrx_word' id='word_1_92' title='bbox 126 1135 233 1185; x_wconf 85' lang='lat' dir='ltr'><strong>tantum</strong></span> <span class='ocrx_word' id='word_1_93' title='bbox 245 1147 297 1184; x_wconf 91' lang='lat' dir='ltr'><strong>usu</strong></span> <span class='ocrx_word' id='word_1_94' title='bbox 309 1129 469 1199; x_wconf 88' lang='lat' dir='ltr'><strong>quotidiano</strong></span> <span class='ocrx_word' id='word_1_95' title='bbox 482 1133 511 1183; x_wconf 89' lang='lat' dir='ltr'><strong>et</strong></span> <span class='ocrx_word' id='word_1_96' title='bbox 522 1130 718 1184; x_wconf 76' lang='lat' dir='ltr'><strong>exercitatione</strong></span> <span class='ocrx_word' id='word_1_97' title='bbox 730 1130 851 1184; x_wconf 89' lang='lat' dir='ltr'><strong>efficiunt</strong></span> <span class='ocrx_word' id='word_1_98' title='bbox 858 1132 900 1184; x_wconf 89' lang='lat' dir='ltr'><strong>uti</strong></span> <span class='ocrx_word' id='word_1_99' title='bbox 907 1131 936 1184; x_wconf 87' lang='lat' dir='ltr'><strong>in</strong></span> 
     </span>
     <span class='ocr_line' id='line_1_15' title="bbox 83 1204 936 1276; baseline -0.001 -14"><span class='ocrx_word' id='word_1_100' title='bbox 83 1208 181 1262; x_wconf 85' lang='lat' dir='ltr'><strong>declivi</strong></span> <span class='ocrx_word' id='word_1_101' title='bbox 192 1224 223 1261; x_wconf 84' lang='lat' dir='ltr'><strong>ac</strong></span> <span class='ocrx_word' id='word_1_102' title='bbox 232 1204 376 1276; x_wconf 80' lang='lat' dir='ltr'><strong>praecipiti</strong></span> <span class='ocrx_word' id='word_1_103' title='bbox 382 1204 440 1258; x_wconf 90' lang='lat' dir='ltr'><strong>loco</strong></span> <span class='ocrx_word' id='word_1_104' title='bbox 448 1206 574 1260; x_wconf 79' lang='lat' dir='ltr'><strong>incitatos</strong></span> <span class='ocrx_word' id='word_1_105' title='bbox 582 1223 667 1275; x_wconf 87' lang='lat' dir='ltr'><strong>equos</strong></span> <span class='ocrx_word' id='word_1_106' title='bbox 676 1206 811 1261; x_wconf 80' lang='lat' dir='ltr'><strong>sustinere</strong></span> <span class='ocrx_word' id='word_1_107' title='bbox 820 1212 849 1262; x_wconf 86' lang='lat' dir='ltr'><strong>et</strong></span> <span class='ocrx_word' id='word_1_108' title='bbox 858 1207 936 1261; x_wconf 81' lang='lat' dir='ltr'><strong>brevi</strong></span> 
     </span>
     <span class='ocr_line' id='line_1_16' title="bbox 82 1283 935 1352; baseline -0.001 -14"><span class='ocrx_word' id='word_1_109' title='bbox 82 1284 218 1339; x_wconf 89' lang='lat' dir='ltr'><strong>moderari</strong></span> <span class='ocrx_word' id='word_1_110' title='bbox 226 1300 258 1338; x_wconf 80' lang='lat' dir='ltr'><strong>ac</strong></span> <span class='ocrx_word' id='word_1_111' title='bbox 267 1283 377 1337; x_wconf 87' lang='lat' dir='ltr'><strong>flectere</strong></span> <span class='ocrx_word' id='word_1_112' title='bbox 386 1286 415 1337; x_wconf 93' lang='lat' dir='ltr'><strong>et</strong></span> <span class='ocrx_word' id='word_1_113' title='bbox 423 1299 473 1351; x_wconf 91' lang='lat' dir='ltr'><strong>per</strong></span> <span class='ocrx_word' id='word_1_114' title='bbox 478 1286 619 1336; x_wconf 80' lang='lat' dir='ltr'><strong>temonem</strong></span> <span class='ocrx_word' id='word_1_115' title='bbox 628 1299 786 1351; x_wconf 88' lang='lat' dir='ltr'><strong>percurrere</strong></span> <span class='ocrx_word' id='word_1_116' title='bbox 796 1283 859 1337; x_wconf 91' lang='lat' dir='ltr'><strong>etin</strong></span> <span class='ocrx_word' id='word_1_117' title='bbox 867 1283 935 1352; x_wconf 85' lang='lat' dir='ltr'><strong>jugo</strong></span> 
     </span>
     <span class='ocr_line' id='line_1_17' title="bbox 82 1359 935 1427; baseline -0.001 -14"><span class='ocrx_word' id='word_1_118' title='bbox 82 1361 207 1416; x_wconf 85' lang='lat' dir='ltr'><strong>insistere</strong></span> <span class='ocrx_word' id='word_1_119' title='bbox 219 1364 249 1415; x_wconf 91' lang='lat' dir='ltr'><strong>et</strong></span> <span class='ocrx_word' id='word_1_120' title='bbox 257 1377 287 1415; x_wconf 91' lang='lat' dir='ltr'><strong>se</strong></span> <span class='ocrx_word' id='word_1_121' title='bbox 293 1360 358 1413; x_wconf 88' lang='lat' dir='ltr'><strong>inde</strong></span> <span class='ocrx_word' id='word_1_122' title='bbox 366 1360 394 1413; x_wconf 93' lang='lat' dir='ltr'><strong>in</strong></span> <span class='ocrx_word' id='word_1_123' title='bbox 404 1376 499 1413; x_wconf 90' lang='lat' dir='ltr'><strong>currus</strong></span> <span class='ocrx_word' id='word_1_124' title='bbox 505 1359 637 1413; x_wconf 86' lang='lat' dir='ltr'><strong>citissime</strong></span> <span class='ocrx_word' id='word_1_125' title='bbox 643 1359 765 1427; x_wconf 88' lang='lat' dir='ltr'><strong>recipere</strong></span> <span class='ocrx_word' id='word_1_126' title='bbox 772 1360 935 1413; x_wconf 87' lang='lat' dir='ltr'><strong>consuerint.</strong></span> 
     </span>
     <span class='ocr_line' id='line_1_18' title="bbox 134 1435 936 1504; baseline -0.001 -14"><span class='ocrx_word' id='word_1_127' title='bbox 134 1442 176 1490; x_wconf 83' lang='lat'><strong>34.</strong></span> <span class='ocrx_word' id='word_1_128' title='bbox 212 1436 316 1501; x_wconf 85' lang='lat' dir='ltr'><strong>Quibus</strong></span> <span class='ocrx_word' id='word_1_129' title='bbox 335 1435 417 1490; x_wconf 91' lang='lat' dir='ltr'><strong>rebus</strong></span> <span class='ocrx_word' id='word_1_130' title='bbox 434 1436 603 1504; x_wconf 82' lang='lat' dir='ltr'><strong>perturbatis</strong></span> <span class='ocrx_word' id='word_1_131' title='bbox 617 1435 718 1489; x_wconf 86' lang='lat' dir='ltr'><strong>nostris</strong></span> <span class='ocrx_word' id='word_1_132' title='bbox 732 1436 854 1489; x_wconf 82' lang='lat' dir='ltr'><strong>novitate</strong></span> <span class='ocrx_word' id='word_1_133' title='bbox 868 1452 936 1503; x_wconf 83' lang='lat' dir='ltr'><strong>pug-</strong></span> 
     </span>
     <span class='ocr_line' id='line_1_19' title="bbox 81 1511 935 1583; baseline 0 -18"><span class='ocrx_word' id='word_1_134' title='bbox 81 1529 132 1567; x_wconf 88' lang='lat' dir='ltr'><strong>nae</strong></span> <span class='ocrx_word' id='word_1_135' title='bbox 155 1516 280 1583; x_wconf 88' lang='lat' dir='ltr'><strong>tempore</strong></span> <span class='ocrx_word' id='word_1_136' title='bbox 308 1512 535 1580; x_wconf 87' lang='lat' dir='ltr'><strong>opportunissimo</strong></span> <span class='ocrx_word' id='word_1_137' title='bbox 564 1512 665 1565; x_wconf 79' lang='lat' dir='ltr'><strong>Caesar</strong></span> <span class='ocrx_word' id='word_1_138' title='bbox 694 1511 823 1564; x_wconf 89' lang='lat' dir='ltr'><strong>auxilium</strong></span> <span class='ocrx_word' id='word_1_139' title='bbox 853 1511 935 1577; x_wconf 85' lang='lat' dir='ltr'><strong>tulit3</strong></span> 
     </span>
     <span class='ocr_line' id='line_1_20' title="bbox 81 1586 936 1656; baseline 0 -16"><span class='ocrx_word' id='word_1_140' title='bbox 81 1603 198 1656; x_wconf 87' lang='lat' dir='ltr'><strong>namque</strong></span> <span class='ocrx_word' id='word_1_141' title='bbox 215 1587 275 1655; x_wconf 91' lang='lat' dir='ltr'><strong>ejus</strong></span> <span class='ocrx_word' id='word_1_142' title='bbox 293 1589 413 1641; x_wconf 87' lang='lat' dir='ltr'><strong>adventu</strong></span> <span class='ocrx_word' id='word_1_143' title='bbox 431 1588 523 1641; x_wconf 85' lang='lat' dir='ltr'><strong>hostes</strong></span> <span class='ocrx_word' id='word_1_144' title='bbox 540 1588 731 1653; x_wconf 87' lang='lat' dir='ltr'><strong>constiterunt,</strong></span> <span class='ocrx_word' id='word_1_145' title='bbox 748 1586 835 1642; x_wconf 88' lang='lat' dir='ltr'><strong>nostri</strong></span> <span class='ocrx_word' id='word_1_146' title='bbox 852 1603 882 1641; x_wconf 92' lang='lat' dir='ltr'><strong>se</strong></span> <span class='ocrx_word' id='word_1_147' title='bbox 900 1604 936 1641; x_wconf 86' lang='lat' dir='ltr'><strong>ex</strong></span> 
     </span>
     <span class='ocr_line' id='line_1_21' title="bbox 81 1662 936 1731; baseline 0 -14"><span class='ocrx_word' id='word_1_148' title='bbox 81 1664 180 1718; x_wconf 89' lang='lat' dir='ltr'><strong>timore</strong></span> <span class='ocrx_word' id='word_1_149' title='bbox 204 1668 372 1731; x_wconf 90' lang='lat' dir='ltr'><strong>receperunt.</strong></span> <span class='ocrx_word' id='word_1_150' title='bbox 409 1664 468 1727; x_wconf 74' lang='lat' dir='ltr'><strong>(luo</strong></span> <span class='ocrx_word' id='word_1_151' title='bbox 491 1663 564 1716; x_wconf 83' lang='lat' dir='ltr'><strong>iacto</strong></span> <span class='ocrx_word' id='word_1_152' title='bbox 585 1663 622 1717; x_wconf 89' lang='lat' dir='ltr'><strong>ad</strong></span> <span class='ocrx_word' id='word_1_153' title='bbox 638 1662 823 1717; x_wconf 79' lang='lat' dir='ltr'><strong>lacessendum</strong></span> <span class='ocrx_word' id='word_1_154' title='bbox 847 1668 876 1717; x_wconf 90' lang='lat' dir='ltr'><strong>et</strong></span> <span class='ocrx_word' id='word_1_155' title='bbox 899 1663 936 1717; x_wconf 90' lang='lat' dir='ltr'><strong>ad</strong></span> 
     </span>
     <span class='ocr_line' id='line_1_22' title="bbox 81 1737 936 1807; baseline 0 -15"><span class='ocrx_word' id='word_1_156' title='bbox 81 1737 307 1794; x_wconf 86' lang='lat' dir='ltr'><strong>committendum</strong></span> <span class='ocrx_word' id='word_1_157' title='bbox 319 1737 451 1807; x_wconf 88' lang='lat' dir='ltr'><strong>proelium</strong></span> <span class='ocrx_word' id='word_1_158' title='bbox 463 1738 581 1792; x_wconf 86' lang='lat' dir='ltr'><strong>alienum</strong></span> <span class='ocrx_word' id='word_1_159' title='bbox 593 1754 653 1792; x_wconf 89' lang='lat' dir='ltr'><strong>esse</strong></span> <span class='ocrx_word' id='word_1_160' title='bbox 665 1741 773 1807; x_wconf 88' lang='lat' dir='ltr'><strong>tempus</strong></span> <span class='ocrx_word' id='word_1_161' title='bbox 784 1739 936 1793; x_wconf 84' lang='lat' dir='ltr'><strong>arbitratus</strong></span> 
     </span>
     <span class='ocr_line' id='line_1_23' title="bbox 81 1814 935 1883; baseline 0 -14"><span class='ocrx_word' id='word_1_162' title='bbox 81 1833 129 1869; x_wconf 89' lang='lat' dir='ltr'><strong>suo</strong></span> <span class='ocrx_word' id='word_1_163' title='bbox 144 1832 173 1869; x_wconf 90' lang='lat' dir='ltr'><strong>se</strong></span> <span class='ocrx_word' id='word_1_164' title='bbox 187 1816 252 1880; x_wconf 87' lang='lat' dir='ltr'><strong>loco</strong></span> <span class='ocrx_word' id='word_1_165' title='bbox 267 1815 408 1882; x_wconf 72' lang='lat' dir='ltr'><strong>continuit,</strong></span> <span class='ocrx_word' id='word_1_166' title='bbox 426 1819 455 1869; x_wconf 94' lang='lat' dir='ltr'><strong>et</strong></span> <span class='ocrx_word' id='word_1_167' title='bbox 475 1814 553 1869; x_wconf 87' lang='lat' dir='ltr'><strong>brevi</strong></span> <span class='ocrx_word' id='word_1_168' title='bbox 573 1818 699 1883; x_wconf 92' lang='lat' dir='ltr'><strong>tempore</strong></span> <span class='ocrx_word' id='word_1_169' title='bbox 724 1816 878 1869; x_wconf 87' lang='lat' dir='ltr'><strong>intermisso</strong></span> <span class='ocrx_word' id='word_1_170' title='bbox 906 1816 935 1869; x_wconf 91' lang='lat' dir='ltr'><strong>in</strong></span> 
     </span>
     <span class='ocr_line' id='line_1_24' title="bbox 80 1890 935 1959; baseline -0.001 -13"><span class='ocrx_word' id='word_1_171' title='bbox 80 1896 171 1946; x_wconf 86' lang='lat' dir='ltr'><strong>eastra</strong></span> <span class='ocrx_word' id='word_1_172' title='bbox 187 1892 308 1959; x_wconf 81' lang='lat' dir='ltr'><strong>legiones</strong></span> <span class='ocrx_word' id='word_1_173' title='bbox 332 1890 451 1944; x_wconf 87' lang='lat' dir='ltr'><strong>reduxit.</strong></span> <span class='ocrx_word' id='word_1_174' title='bbox 487 1890 561 1944; x_wconf 86' lang='lat' dir='ltr'><strong>Dum</strong></span> <span class='ocrx_word' id='word_1_175' title='bbox 584 1890 652 1945; x_wconf 88' lang='lat' dir='ltr'><strong>haec</strong></span> <span class='ocrx_word' id='word_1_176' title='bbox 674 1899 816 1958; x_wconf 81' lang='lat' dir='ltr'><strong>geruntur,</strong></span> <span class='ocrx_word' id='word_1_177' title='bbox 835 1892 935 1945; x_wconf 88' lang='lat' dir='ltr'><strong>nostris</strong></span> 
     </span>
     <span class='ocr_line' id='line_1_25' title="bbox 81 1966 936 2035; baseline 0.001 -15"><span class='ocrx_word' id='word_1_178' title='bbox 81 1966 206 2021; x_wconf 92' lang='lat' dir='ltr'><strong>omnibus</strong></span> <span class='ocrx_word' id='word_1_179' title='bbox 230 1967 367 2035; x_wconf 88' lang='lat' dir='ltr'><strong>occupatis</strong></span> <span class='ocrx_word' id='word_1_180' title='bbox 392 1967 439 2035; x_wconf 89' lang='lat' dir='ltr'><strong>qui</strong></span> <span class='ocrx_word' id='word_1_181' title='bbox 464 1971 542 2021; x_wconf 87' lang='lat' dir='ltr'><strong>erant</strong></span> <span class='ocrx_word' id='word_1_182' title='bbox 563 1967 593 2020; x_wconf 91' lang='lat' dir='ltr'><strong>in</strong></span> <span class='ocrx_word' id='word_1_183' title='bbox 614 1968 689 2035; x_wconf 82' lang='lat' dir='ltr'><strong>agris</strong></span> <span class='ocrx_word' id='word_1_184' title='bbox 713 1967 811 2033; x_wconf 88' lang='lat' dir='ltr'><strong>reliqui</strong></span> <span class='ocrx_word' id='word_1_185' title='bbox 836 1967 936 2021; x_wconf 87' lang='lat' dir='ltr'><strong>disces·</strong></span> 
     </span>
     <span class='ocr_line' id='line_1_26' title="bbox 81 2042 935 2111; baseline -0.004 -13"><span class='ocrx_word' id='word_1_186' title='bbox 81 2047 185 2099; x_wconf 86' lang='lat' dir='ltr'><strong>serunt.</strong></span> <span class='ocrx_word' id='word_1_187' title='bbox 221 2045 336 2100; x_wconf 68' lang='lat' dir='ltr'><strong>Seeume</strong></span> <span class='ocrx_word' id='word_1_188' title='bbox 360 2046 424 2097; x_wconf 90' lang='lat' dir='ltr'><strong>sunt</strong></span> <span class='ocrx_word' id='word_1_189' title='bbox 445 2043 588 2097; x_wconf 90' lang='lat' dir='ltr'><strong>continuos</strong></span> <span class='ocrx_word' id='word_1_190' title='bbox 611 2043 765 2111; x_wconf 85' lang='lat' dir='ltr'><strong>complures</strong></span> <span class='ocrx_word' id='word_1_191' title='bbox 788 2042 847 2096; x_wconf 89' lang='lat' dir='ltr'><strong>dies</strong></span> <span class='ocrx_word' id='word_1_192' title='bbox 865 2046 935 2096; x_wconf 89' lang='lat' dir='ltr'><strong>tem-</strong></span> 
     </span>
     <span class='ocr_line' id='line_1_27' title="bbox 80 2118 936 2190; baseline -0.005 -15"><span class='ocrx_word' id='word_1_193' title='bbox 80 2125 202 2190; x_wconf 88' lang='lat' dir='ltr'><strong>pestates</strong></span> <span class='ocrx_word' id='word_1_194' title='bbox 233 2137 304 2190; x_wconf 86' lang='lat' dir='ltr'><strong>quae</strong></span> <span class='ocrx_word' id='word_1_195' title='bbox 336 2122 364 2175; x_wconf 83' lang='lat' dir='ltr'><strong>et</strong></span> <span class='ocrx_word' id='word_1_196' title='bbox 389 2122 497 2174; x_wconf 88' lang='lat' dir='ltr'><strong>nostros</strong></span> <span class='ocrx_word' id='word_1_197' title='bbox 528 2119 555 2172; x_wconf 92' lang='lat' dir='ltr'><strong>in</strong></span> <span class='ocrx_word' id='word_1_198' title='bbox 581 2119 677 2173; x_wconf 84' lang='lat' dir='ltr'><strong>eastris</strong></span> <span class='ocrx_word' id='word_1_199' title='bbox 708 2118 879 2172; x_wconf 89' lang='lat' dir='ltr'><strong>continerent</strong></span> <span class='ocrx_word' id='word_1_200' title='bbox 905 2121 936 2171; x_wconf 93' lang='lat' dir='ltr'><strong>et</strong></span> 
     </span>
     <span class='ocr_line' id='line_1_28' title="bbox 80 2193 935 2266; baseline -0.004 -16"><span class='ocrx_word' id='word_1_201' title='bbox 80 2197 187 2253; x_wconf 86' lang='lat' dir='ltr'><strong>hostem</strong></span> <span class='ocrx_word' id='word_1_202' title='bbox 203 2214 220 2251; x_wconf 87' lang='lat' dir='ltr'><strong>a</strong></span> <span class='ocrx_word' id='word_1_203' title='bbox 236 2212 329 2266; x_wconf 81' lang='lat' dir='ltr'><strong>pugna</strong></span> <span class='ocrx_word' id='word_1_204' title='bbox 345 2194 529 2263; x_wconf 90' lang='lat' dir='ltr'><strong>prohiberent.</strong></span> <span class='ocrx_word' id='word_1_205' title='bbox 568 2195 683 2248; x_wconf 90' lang='lat' dir='ltr'><strong>Interim</strong></span> <span class='ocrx_word' id='word_1_206' title='bbox 700 2193 810 2258; x_wconf 74' lang='lat' dir='ltr'><strong>barbari</strong></span> <span class='ocrx_word' id='word_1_207' title='bbox 826 2194 935 2247; x_wconf 90' lang='lat' dir='ltr'><strong>nuntios</strong></span> 
     </span>
     <span class='ocr_line' id='line_1_29' title="bbox 80 2272 934 2342; baseline -0.006 -15"><span class='ocrx_word' id='word_1_208' title='bbox 80 2274 109 2328; x_wconf 92' lang='lat' dir='ltr'><strong>in</strong></span> <span class='ocrx_word' id='word_1_209' title='bbox 132 2290 226 2330; x_wconf 89' lang='lat' dir='ltr'><strong>omnes</strong></span> <span class='ocrx_word' id='word_1_210' title='bbox 248 2276 341 2342; x_wconf 88' lang='lat' dir='ltr'><strong>partes</strong></span> <span class='ocrx_word' id='word_1_211' title='bbox 361 2272 524 2326; x_wconf 90' lang='lat' dir='ltr'><strong>dimiserunt</strong></span> <span class='ocrx_word' id='word_1_212' title='bbox 541 2272 762 2341; x_wconf 89' lang='lat' dir='ltr'><strong>paucitatemque</strong></span> <span class='ocrx_word' id='word_1_213' title='bbox 779 2274 934 2323; x_wconf 89' lang='lat' dir='ltr'><strong>nostrorum</strong></span> 
     </span>
     <span class='ocr_line' id='line_1_30' title="bbox 80 2345 934 2417; baseline -0.006 -14"><span class='ocrx_word' id='word_1_214' title='bbox 80 2351 198 2405; x_wconf 90' lang='lat' dir='ltr'><strong>militum</strong></span> <span class='ocrx_word' id='word_1_215' title='bbox 215 2350 272 2403; x_wconf 90' lang='lat' dir='ltr'><strong>suis</strong></span> <span class='ocrx_word' id='word_1_216' title='bbox 288 2346 517 2417; x_wconf 87' lang='lat' dir='ltr'><strong>praedicaverunt</strong></span> <span class='ocrx_word' id='word_1_217' title='bbox 537 2352 567 2402; x_wconf 87' lang='lat' dir='ltr'><strong>et</strong></span> <span class='ocrx_word' id='word_1_218' title='bbox 583 2354 685 2416; x_wconf 85' lang='lat' dir='ltr'><strong>quanta</strong></span> <span class='ocrx_word' id='word_1_219' title='bbox 700 2345 820 2415; x_wconf 86' lang='lat' dir='ltr'><strong>praedae</strong></span> <span class='ocrx_word' id='word_1_220' title='bbox 836 2346 934 2399; x_wconf 84' lang='lat' dir='ltr'><strong>facien·</strong></span> 
     </span>
     <span class='ocr_line' id='line_1_31' title="bbox 81 2390 933 2496; baseline -0.001 -18"><span class='ocrx_word' id='word_1_221' title='bbox 81 2426 132 2480; x_wconf 89' lang='lat' dir='ltr'><strong>dae</strong></span> <span class='ocrx_word' id='word_1_222' title='bbox 143 2430 228 2496; x_wconf 80' lang='lat' dir='ltr'><strong>atque</strong></span> <span class='ocrx_word' id='word_1_223' title='bbox 243 2426 271 2479; x_wconf 91' lang='lat' dir='ltr'><strong>in</strong></span> <span class='ocrx_word' id='word_1_224' title='bbox 288 2427 451 2494; x_wconf 86' lang='lat' dir='ltr'><strong>perpetuum</strong></span> <span class='ocrx_word' id='word_1_225' title='bbox 469 2427 510 2479; x_wconf 92' lang='lat' dir='ltr'><strong>sui</strong></span> <span class='ocrx_word' id='word_1_226' title='bbox 517 2390 663 2479; x_wconf 61' lang='lat' dir='ltr'><strong>biberandi</strong></span> <span class='ocrx_word' id='word_1_227' title='bbox 681 2423 795 2476; x_wconf 81' lang='lat' dir='ltr'><strong>facultas</strong></span> <span class='ocrx_word' id='word_1_228' title='bbox 813 2421 933 2488; x_wconf 79' lang='lat' dir='ltr'><strong>daretrrr,</strong></span> 
     </span>
     <span class='ocr_line' id='line_1_32' title="bbox 80 2499 935 2572; baseline -0.006 -17"><span class='ocrx_word' id='word_1_229' title='bbox 80 2503 104 2556; x_wconf 90' lang='lat' dir='ltr'><strong>si</strong></span> <span class='ocrx_word' id='word_1_230' title='bbox 123 2505 259 2557; x_wconf 84' lang='lat' dir='ltr'><strong>Romanos</strong></span> <span class='ocrx_word' id='word_1_231' title='bbox 275 2503 371 2556; x_wconf 89' lang='lat' dir='ltr'><strong>castris</strong></span> <span class='ocrx_word' id='word_1_232' title='bbox 387 2502 564 2572; x_wconf 86' lang='lat' dir='ltr'><strong>expulissent,</strong></span> <span class='ocrx_word' id='word_1_233' title='bbox 582 2501 846 2554; x_wconf 77' lang='lat' dir='ltr'><strong>demonstraverimt.</strong></span> <span class='ocrx_word' id='word_1_234' title='bbox 884 2499 935 2551; x_wconf 90' lang='lat' dir='ltr'><strong>llis</strong></span> 
     </span>
     <span class='ocr_line' id='line_1_33' title="bbox 79 2575 935 2649; baseline -0.005 -18"><span class='ocrx_word' id='word_1_235' title='bbox 79 2579 162 2633; x_wconf 91' lang='lat' dir='ltr'><strong>rebus</strong></span> <span class='ocrx_word' id='word_1_236' title='bbox 174 2580 300 2633; x_wconf 82' lang='lat' dir='ltr'><strong>celeriter</strong></span> <span class='ocrx_word' id='word_1_237' title='bbox 316 2596 414 2649; x_wconf 78' lang='lat' dir='ltr'><strong>magna</strong></span> <span class='ocrx_word' id='word_1_238' title='bbox 430 2578 608 2634; x_wconf 88' lang='lat' dir='ltr'><strong>multitudine</strong></span> <span class='ocrx_word' id='word_1_239' title='bbox 626 2576 768 2645; x_wconf 85' lang='lat' dir='ltr'><strong>peditatus</strong></span> <span class='ocrx_word' id='word_1_240' title='bbox 783 2575 935 2642; x_wconf 81' lang='lat' dir='ltr'><strong>equitatus-</strong></span> 
     </span>
     <span class='ocr_line' id='line_1_34' title="bbox 80 2656 541 2723; baseline 0.004 -14"><span class='ocrx_word' id='word_1_241' title='bbox 80 2671 134 2723; x_wconf 85' lang='lat' dir='ltr'><strong>que</strong></span> <span class='ocrx_word' id='word_1_242' title='bbox 146 2659 240 2710; x_wconf 88' lang='lat' dir='ltr'><strong>coacte</strong></span> <span class='ocrx_word' id='word_1_243' title='bbox 251 2656 286 2711; x_wconf 88' lang='lat' dir='ltr'><strong>ad</strong></span> <span class='ocrx_word' id='word_1_244' title='bbox 299 2662 388 2712; x_wconf 86' lang='lat' dir='ltr'><strong>castre</strong></span> <span class='ocrx_word' id='word_1_245' title='bbox 400 2659 541 2713; x_wconf 75' lang='lat' dir='ltr'><strong>venerumt</strong></span> 
     </span>
    </p>
   </div>
   <div class='ocr_carea' id='block_1_2' title="bbox 79 2725 938 3257">
    <p class='ocr_par' dir='ltr' id='par_1_2' title="bbox 79 2725 938 3257">
     <span class='ocr_line' id='line_1_35' title="bbox 131 2725 935 2806; baseline -0.009 -20"><span class='ocrx_word' id='word_1_246' title='bbox 131 2737 172 2786; x_wconf 82' lang='lat'><strong>35.</strong></span> <span class='ocrx_word' id='word_1_247' title='bbox 209 2732 311 2787; x_wconf 83' lang='lat' dir='ltr'><strong>Caesar</strong></span> <span class='ocrx_word' id='word_1_248' title='bbox 323 2735 376 2789; x_wconf 88' lang='lat' dir='ltr'><strong>etsi</strong></span> <span class='ocrx_word' id='word_1_249' title='bbox 386 2734 461 2789; x_wconf 92' lang='lat' dir='ltr'><strong>idem</strong></span> <span class='ocrx_word' id='word_1_250' title='bbox 473 2732 549 2803; x_wconf 90' lang='lat' dir='ltr'><strong>quod</strong></span> <span class='ocrx_word' id='word_1_251' title='bbox 560 2728 745 2806; x_wconf 88' lang='lat' dir='ltr'><strong>superioribus</strong></span> <span class='ocrx_word' id='word_1_252' title='bbox 757 2726 856 2781; x_wconf 89' lang='lat' dir='ltr'><strong>diebus</strong></span> <span class='ocrx_word' id='word_1_253' title='bbox 867 2725 935 2780; x_wconf 87' lang='lat' dir='ltr'><strong>acci-</strong></span> 
     </span>
     <span class='ocr_line' id='line_1_36' title="bbox 80 2802 936 2879; baseline -0.008 -17"><span class='ocrx_word' id='word_1_254' title='bbox 80 2808 160 2863; x_wconf 86' lang='lat' dir='ltr'><strong>derat</strong></span> <span class='ocrx_word' id='word_1_255' title='bbox 174 2810 234 2863; x_wconf 85' lang='lat' dir='ltr'><strong>fore</strong></span> <span class='ocrx_word' id='word_1_256' title='bbox 250 2810 370 2879; x_wconf 82' lang='lat' dir='ltr'><strong>videbat,</strong></span> <span class='ocrx_word' id='word_1_257' title='bbox 385 2814 418 2864; x_wconf 93' lang='lat' dir='ltr'><strong>ut</strong></span> <span class='ocrx_word' id='word_1_258' title='bbox 437 2810 461 2863; x_wconf 93' lang='lat' dir='ltr'><strong>si</strong></span> <span class='ocrx_word' id='word_1_259' title='bbox 476 2811 570 2863; x_wconf 87' lang='lat' dir='ltr'><strong>essent</strong></span> <span class='ocrx_word' id='word_1_260' title='bbox 586 2806 679 2859; x_wconf 86' lang='lat' dir='ltr'><strong>hostes</strong></span> <span class='ocrx_word' id='word_1_261' title='bbox 698 2804 776 2873; x_wconf 91' lang='lat' dir='ltr'><strong>pulsi,</strong></span> <span class='ocrx_word' id='word_1_262' title='bbox 794 2802 936 2857; x_wconf 90' lang='lat' dir='ltr'><strong>celeritate</strong></span> 
     </span>
     <span class='ocr_line' id='line_1_37' title="bbox 79 2879 935 2957; baseline -0.009 -19"><span class='ocrx_word' id='word_1_263' title='bbox 79 2887 230 2953; x_wconf 87' lang='lat' dir='ltr'><strong>perieulum</strong></span> <span class='ocrx_word' id='word_1_264' title='bbox 242 2889 400 2957; x_wconf 74' lang='lat' dir='ltr'><strong>affligerent,</strong></span> <span class='ocrx_word' id='word_1_265' title='bbox 413 2891 506 2941; x_wconf 88' lang='lat' dir='ltr'><strong>tamen</strong></span> <span class='ocrx_word' id='word_1_266' title='bbox 518 2886 615 2937; x_wconf 84' lang='lat' dir='ltr'><strong>nactus</strong></span> <span class='ocrx_word' id='word_1_267' title='bbox 628 2882 735 2950; x_wconf 88' lang='lat' dir='ltr'><strong>equites</strong></span> <span class='ocrx_word' id='word_1_268' title='bbox 747 2879 856 2933; x_wconf 87' lang='lat' dir='ltr'><strong>circiter</strong></span> <span class='ocrx_word' id='word_1_269' title='bbox 869 2893 935 2943; x_wconf 85' lang='lat' dir='ltr'>xxx,</span> 
     </span>
     <span class='ocr_line' id='line_1_38' title="bbox 80 2957 936 3030; baseline -0.007 -17"><span class='ocrx_word' id='word_1_270' title='bbox 80 2978 149 3027; x_wconf 86' lang='lat' dir='ltr'><strong>quos</strong></span> <span class='ocrx_word' id='word_1_271' title='bbox 162 2963 299 3017; x_wconf 76' lang='lat' dir='ltr'><strong>Commius</strong></span> <span class='ocrx_word' id='word_1_272' title='bbox 312 2963 441 3030; x_wconf 85' lang='lat' dir='ltr'><strong>Atrebas,</strong></span> <span class='ocrx_word' id='word_1_273' title='bbox 454 2962 490 3016; x_wconf 91' lang='lat' dir='ltr'><strong>de</strong></span> <span class='ocrx_word' id='word_1_274' title='bbox 507 2976 562 3030; x_wconf 92' lang='lat' dir='ltr'><strong>quo</strong></span> <span class='ocrx_word' id='word_1_275' title='bbox 578 2961 643 3011; x_wconf 87' lang='lat' dir='ltr'><strong>ante</strong></span> <span class='ocrx_word' id='word_1_276' title='bbox 660 2957 764 3010; x_wconf 90' lang='lat' dir='ltr'><strong>dictum</strong></span> <span class='ocrx_word' id='word_1_277' title='bbox 781 2959 832 3022; x_wconf 89' lang='lat' dir='ltr'><strong>est,</strong></span> <span class='ocrx_word' id='word_1_278' title='bbox 844 2970 936 3008; x_wconf 87' lang='lat' dir='ltr'><strong>secum</strong></span> 
     </span>
     <span class='ocr_line' id='line_1_39' title="bbox 80 3030 935 3106; baseline -0.004 -18"><span class='ocrx_word' id='word_1_279' title='bbox 80 3039 321 3105; x_wconf 86' lang='lat' dir='ltr'><strong>transportaverat,</strong></span> <span class='ocrx_word' id='word_1_280' title='bbox 339 3038 459 3106; x_wconf 80' lang='lat' dir='ltr'><strong>legiones</strong></span> <span class='ocrx_word' id='word_1_281' title='bbox 475 3037 504 3090; x_wconf 91' lang='lat' dir='ltr'><strong>in</strong></span> <span class='ocrx_word' id='word_1_282' title='bbox 523 3036 581 3090; x_wconf 88' lang='lat' dir='ltr'><strong>acie</strong></span> <span class='ocrx_word' id='word_1_283' title='bbox 598 3052 648 3103; x_wconf 90' lang='lat' dir='ltr'><strong>pro</strong></span> <span class='ocrx_word' id='word_1_284' title='bbox 672 3033 769 3088; x_wconf 88' lang='lat' dir='ltr'><strong>eastris</strong></span> <span class='ocrx_word' id='word_1_285' title='bbox 787 3030 935 3085; x_wconf 88' lang='lat' dir='ltr'><strong>constituit.</strong></span> 
     </span>
     <span class='ocr_line' id='line_1_40' title="bbox 82 3107 936 3180; baseline -0.007 -16"><span class='ocrx_word' id='word_1_286' title='bbox 82 3111 232 3168; x_wconf 79' lang='lat' dir='ltr'><strong>Commisso</strong></span> <span class='ocrx_word' id='word_1_287' title='bbox 250 3113 354 3180; x_wconf 89' lang='lat' dir='ltr'><strong>proelio</strong></span> <span class='ocrx_word' id='word_1_288' title='bbox 372 3114 477 3167; x_wconf 90' lang='lat' dir='ltr'><strong>diutius</strong></span> <span class='ocrx_word' id='word_1_289' title='bbox 494 3117 650 3167; x_wconf 88' lang='lat' dir='ltr'><strong>nostrorum</strong></span> <span class='ocrx_word' id='word_1_290' title='bbox 669 3109 786 3163; x_wconf 91' lang='lat' dir='ltr'><strong>militum</strong></span> <span class='ocrx_word' id='word_1_291' title='bbox 804 3107 936 3175; x_wconf 89' lang='lat' dir='ltr'><strong>impetum</strong></span> 
     </span>
     <span class='ocr_line' id='line_1_41' title="bbox 80 3182 938 3257; baseline -0.005 -19"><span class='ocrx_word' id='word_1_292' title='bbox 80 3184 174 3239; x_wconf 88' lang='lat' dir='ltr'><strong>hostes</strong></span> <span class='ocrx_word' id='word_1_293' title='bbox 190 3186 264 3240; x_wconf 85' lang='lat' dir='ltr'><strong>ferre</strong></span> <span class='ocrx_word' id='word_1_294' title='bbox 281 3202 335 3240; x_wconf 90' lang='lat' dir='ltr'><strong>non</strong></span> <span class='ocrx_word' id='word_1_295' title='bbox 351 3191 502 3257; x_wconf 86' lang='lat' dir='ltr'><strong>potuerunt</strong></span> <span class='ocrx_word' id='word_1_296' title='bbox 520 3204 553 3242; x_wconf 85' lang='lat' dir='ltr'><strong>ec</strong></span> <span class='ocrx_word' id='word_1_297' title='bbox 573 3193 653 3256; x_wconf 81' lang='lat' dir='ltr'><strong>terga</strong></span> <span class='ocrx_word' id='word_1_298' title='bbox 675 3186 826 3239; x_wconf 83' lang='lat' dir='ltr'><strong>verterunt</strong></span> <span class='ocrx_word' id='word_1_299' title='bbox 863 3182 938 3247; x_wconf 82' lang='lat' dir='ltr'><strong>Quos</strong></span> 
     </span>
    </p>
   </div>
   <div class='ocr_carea' id='block_1_3' title="bbox 0 0 1092 3409">
    <p class='ocr_par' dir='ltr' id='par_1_3' title="bbox 0 0 1092 3409">
     <span class='ocr_line' id='line_1_42' title="bbox 0 0 1092 3409; baseline 0 0"><span class='ocrx_word' id='word_1_300' title='bbox 0 0 1092 3409; x_wconf 95' lang='lat' dir='ltr'><strong> </strong></span> 
     </span>
    </p>
   </div>
  </div>
 </body>
</html>
