2175 3409
72 86 120 135 ns
323 82 352 134 O.
376 82 478 132 JULII
501 82 676 133 CAESARIS

72 161 238 217 montionem
257 160 442 232 superioribus
459 161 571 230 proeliis
588 161 710 229 fecimus,
726 177 759 214 aa
776 164 850 215 diem
866 162 926 230 jam

72 239 200 308 quintum
211 237 272 292 cibo
284 240 418 292 caruerat.
451 237 506 291 Hie
518 236 623 291 diffisus
635 252 699 292 suae
711 239 795 305 utque
806 238 925 292 omnium

72 316 154 370 saluti
171 314 284 368 inermis
301 330 336 368 ex
353 313 529 369 tabernaculo
554 314 663 383 prodit:
687 312 762 367 videt
784 314 927 368 imminere

72 392 165 446 hostes
177 393 262 459 atque
274 391 302 444 in
315 407 420 444 summo
434 407 492 444 rem
505 407 566 445 esse
578 390 747 444 discrimine:
765 390 839 459 capit
850 406 928 443 erma

72 484 89 521 a
100 467 231 535 proximis
243 471 327 536 atque
339 467 367 520 in
381 471 462 536 porta
474 467 606 521 consistit.
637 466 847 534 consequuntur
856 465 928 520 huno

72 544 245 598 centuriones
252 542 313 613 ejus
320 544 440 599 cohortis
450 559 521 613 quae
528 544 557 597 in
565 543 684 597 statione
693 546 766 597 erat:
779 541 928 610 paullisper

72 635 128 673 uua
155 619 289 689 proelium
314 620 456 675 sustinent.
504 618 649 688 Relinquit
671 617 777 672 animus
801 618 927 672 Sextium

72 696 200 767 gravibus
216 697 336 766 acceptis
355 696 528 751 vulneribus:
546 712 629 764 aegre
646 711 697 764 per
709 709 805 748 manus
821 696 928 747 tractus

72 775 206 826 servatur.
237 773 299 828 Hoc
310 773 398 842 spatio
408 772 570 842 interposito
581 771 682 840 reliqui
694 786 754 824 sese
765 770 928 824 confirmant

72 851 180 902 tantum
190 848 257 903 utin
267 846 747 903 munitionibusconsistereaudeant
755 844 928 915 speciemque

73 923 246 980 dermaorum
259 923 418 994 praebeant

124 1005 165 1055 ³9.
202 1000 318 1055 Interim
339 1000 463 1055 confecta
479 997 693 1054 frumentatione
716 996 818 1050 milites
841 996 927 1050 nostri

72 1074 218 1132 clamorem
230 1076 389 1132 exaudiunt.
426 1076 614 1129 Praecurrnut
625 1067 733 1142 equites
744 1093 751 1139 ;
766 1076 870 1141 quanto
881 1088 928 1126 res

73 1152 148 1206 sitin
166 1153 287 1221 periculo
301 1154 474 1221 cognoscunt.
512 1151 567 1205 llic
583 1167 648 1204 vcro
662 1149 737 1203 nulla
752 1149 868 1203 munitio
884 1152 928 1203 est

73 1242 145 1295 qnae
167 1230 331 1298 perterritos
348 1227 479 1297 recipiat:
499 1226 582 1280 modo
599 1225 745 1294 conscripti
762 1229 847 1292 atque
863 1240 928 1280 unis

73 1303 200 1358 militaris
217 1303 338 1375 imperiti
357 1305 393 1358 ad
412 1304 552 1358 tribunum
569 1304 685 1355 militnm
701 1301 928 1375 centurionesque

73 1395 122 1433 ors
143 1384 320 1434 convertunt:
346 1379 412 1448 quid
431 1379 466 1432 ab
484 1379 527 1431 his
551 1377 734 1447 praecipiatur
755 1380 928 1444 exspectant:
999 1386 1009 1403 ⁸

73 1471 153 1510 nemo
165 1458 209 1509 est
222 1460 279 1510 tam
293 1456 372 1510 fortis
383 1456 450 1524 quin
460 1455 500 1508 rci
511 1455 634 1509 novitate
646 1452 832 1522 perturbetur.
862 1452 929 1506 Bar-

73 1530 133 1584 bari
157 1532 235 1600 signa
259 1531 352 1600 procul
377 1530 525 1600 conspicati
549 1530 750 1599 oppugnatione
774 1527 928 1584 desistunt:

73 1607 178 1661 redisse
197 1606 285 1675 primo
297 1607 419 1675 legiones
433 1606 557 1676 credunt,
569 1623 638 1675 quas
654 1604 760 1673 longius
771 1604 928 1658 discessisse

73 1700 109 1737 cx
128 1684 243 1753 captivis
260 1687 459 1751 cognoverant:
476 1687 574 1752 postea
592 1682 721 1750 despecta
738 1681 876 1750 paucitate
893 1697 928 1752 ex

73 1758 198 1813 omnibus
211 1759 336 1828 partibus
348 1759 483 1828 impetum
493 1759 604 1813 iaciunt.
731 1803 734 1806 .

125 1840 169 1890 40.
205 1835 321 1890 Calones
330 1835 359 1889 in
370 1834 525 1904 proximum
533 1834 669 1888 tumulum
677 1835 854 1901 procurrunt:
865 1832 930 1887 hine

73 1911 200 1967 celeriter
212 1911 314 1980 dejecti
326 1927 356 1966 se
367 1911 396 1964 in
408 1911 486 1980 signa
497 1909 704 1978 manipulosque
715 1907 877 1977 conjiciunt:
894 1924 929 1962 eo
1038 1938 1040 1942 ·

72 1988 161 2057 magis
178 1988 291 2042 timidos
308 1990 465 2056 perterrent
481 1986 590 2041 milites.
607 2017 609 2019 v
627 1985 685 2040 Alii
704 2000 791 2038 cuneo
804 1984 878 2038 facto
895 1988 930 2039 ut

72 2064 199 2120 celeriter
217 2068 398 2135 perrumpant
415 2066 535 2131 censent,
553 2061 682 2130 quoniam
699 2064 757 2115 tam
775 2060 930 2132 propinqua

73 2142 129 2196 sint
144 2145 236 2197 castra
244 2163 251 2209 ;
269 2144 300 2197 et
316 2142 340 2195 si
356 2157 421 2211 pars
436 2140 533 2208 aliqua
548 2140 736 2193 circumventa
750 2136 888 2204 ceciderit,
898 2141 929 2192 at

72 2217 193 2288 reliquos
202 2218 307 2288 servari
316 2233 397 2286 posse
403 2216 560 2271 confidunt:
572 2215 617 2268 alii
625 2214 693 2269 utin
702 2213 771 2281 jugo
778 2213 930 2268 consistant

72 2298 157 2363 atque
174 2294 292 2349 eundem
310 2309 405 2347 omnes
422 2293 515 2346 ierant
531 2307 632 2345 casum.
669 2290 731 2343 Hoc
747 2292 857 2343 veteres
874 2305 928 2342 non

92 2371 191 2426 robant
199 2371 308 2439 milites,
318 2385 386 2439 quos
396 2368 447 2423 sub
457 2368 557 2423 vexillo
565 2383 620 2421 una
631 2364 927 2435 proiectosdocuimus

72 2387 174 2516 itaque
197 2447 271 2501 inter
295 2462 325 2500 se
352 2446 487 2500 cohortati
517 2444 587 2498 duce
615 2443 644 2497 (l.
669 2440 812 2509 lichenis,
835 2441 929 2510 equite

73 2522 203 2590 Romano,
222 2523 271 2591 qui
290 2522 330 2577 eis
349 2524 409 2576 erat
432 2519 613 2590 praepositus,
637 2534 688 2588 per
710 2516 817 2572 medios
836 2517 929 2571 hostes

72 2602 253 2668 perrumpunt
276 2598 478 2666 incolumesque
501 2595 538 2650 ad
561 2612 645 2648 unum
669 2609 764 2647 omnes
786 2592 815 2646 in
838 2597 930 2647 castra

72 2674 242 2743 perveniunt.
280 2675 341 2729 Hos
359 2673 498 2727 subsecuti
521 2671 630 2726 miones
651 2670 814 2739 equitesque
831 2668 932 2723 eodem

72 2750 177 2820 impetu
194 2750 313 2805 militum
331 2749 435 2804 virtute
454 2751 607 2803 servantur.
644 2748 685 2800 At
704 2745 725 2798 ii
742 2744 790 2814 qm'
811 2743 840 2797 in
859 2741 929 2812 jugo

57 2826 258 2893 constiterant,
266 2825 339 2879 nullo
354 2824 438 2879 etiam
450 2839 523 2877 nunc
535 2840 587 2877 usu
599 2822 640 2877 rei
651 2820 779 2876 militaris
790 2823 928 2889 percepto,

71 2915 161 2967 neque
172 2901 200 2954 in
212 2917 244 2970 eo
257 2900 331 2969 qued
349 2899 533 2969 probaverant
545 2899 656 2954 consilio
672 2912 842 2967 permanere,
855 2900 888 2951 ut
899 2911 929 2950 sc

71 2974 131 3028 loco
149 2976 289 3044 superiore
307 2975 498 3042 defenderent,
512 2992 602 3045 neque
621 2991 682 3029 eam
696 2989 780 3042 quam
797 2973 929 3042 prodesse

72 3047 133 3100 aliis
144 3050 199 3103 rim
211 3050 436 3119 celeritatemque
448 3051 576 3106 viderant
589 3050 692 3105 imitari
709 3052 867 3118 potuerunt,
879 3047 930 3103 sed

74 3121 139 3175 sein
151 3125 242 3177 castra
252 3125 374 3193 recipere
383 3125 473 3180 conati
481 3126 606 3196 iniquum
616 3126 740 3181 inlocum
750 3124 929 3181 demiserunt.
