2175 3409
477 110 589 160 LIBER
606 110 660 158 111.
965 116 998 164 51

146 196 176 250 in
194 193 272 249 vadis
292 192 475 248 consisterent
497 191 586 246 tutius
604 195 634 246 et
654 191 689 245 ab
709 195 789 245 aestu
806 191 918 247 relictae
935 194 1004 249 nihil

146 288 213 326 saxa
224 273 253 325 et
265 273 359 323 cautes
371 270 502 323 timerent
513 287 520 333 ;
536 284 652 337 quarum
664 284 757 321 rerum
768 268 889 321 omnium
901 270 1003 324 nostris

9 351 18 376 ³
90 360 94 367 ’
146 347 261 402 navibus
277 362 355 402 castis
367 348 427 399 erat
439 344 672 398 extimescendas·

201 429 240 478 14.
278 421 471 491 Compluribus
484 420 648 490 expugnatis
660 420 768 489 oppidis
781 419 891 488 Caesar,
901 421 949 476 ubi
962 423 1003 477 in-

147 498 256 556 tellexit
276 498 380 552 frustra
400 500 508 552 tantum
529 496 652 566 laborem
676 496 747 549 sumi
770 511 861 565 neque
882 496 1002 552 hostium

146 577 240 644 fugam
262 574 351 644 captis
371 573 478 642 oppidis
497 573 611 641 reprimi
629 588 719 641 neque
738 571 781 625 his
800 572 891 626 noceri
914 590 1003 643 posse,

147 651 246 706 statuit
269 649 483 719 exspectandam
507 649 628 702 classem
665 647 742 711 Quae
761 647 808 701 ubi
827 650 1004 705 convenitur

146 727 265 797 primum
277 726 312 780 ab
324 725 448 780 hostibus
460 725 518 778 visa
529 728 580 791 est,
593 723 702 777 circiter
719 738 790 778 ccxx
808 740 891 779 naves
909 742 1003 781 eorum

146 803 336 872 paratissimae
351 806 435 870 atque
452 800 525 855 omni
541 816 643 869 genere
659 816 796 853 armorum
815 802 1004 858 ornatissimae

147 879 286 948 proiectae
297 896 331 932 ex
343 881 426 948 portu
438 877 539 931 nostris
553 876 684 930 adversae
699 876 896 942 constiterunt3
914 893 1003 947 neque

147 956 214 1009 satis
236 954 323 1010 Bruto
345 955 392 1023 qui
414 954 492 1008 classi
516 959 656 1025 praeerat,
680 953 724 1008 vel
746 952 864 1007 tribunis
886 954 1003 1009 militum

147 1030 406 1100 centurionibusque
419 1030 518 1100 quibus
530 1031 653 1099 singulae
665 1045 748 1083 naves
757 1032 836 1084 erant
844 1029 1003 1099 attributae,

147 1107 291 1161 constabat
304 1107 370 1176 quid
387 1110 500 1175 agerent
516 1109 566 1160 aut
582 1121 665 1175 quam
684 1105 819 1159 rationem
838 1121 946 1174 pugnae
964 1107 1004 1159 in-

148 1182 285 1237 sisterent.
322 1183 423 1238 Rostro
441 1184 513 1237 enim
530 1182 623 1236 noceri
639 1197 693 1236 non
710 1197 791 1249 posse
808 1186 1005 1248 cognoveraut;

147 1258 270 1312 turribus
282 1262 374 1313 autem
386 1259 513 1313 excitatis
525 1263 618 1313 tamen
630 1257 680 1311 has
691 1256 809 1311 altitudo
820 1256 951 1325 puppium
969 1274 1003 1311 ex

147 1332 272 1387 barbaris
288 1333 402 1388 naribus
421 1335 576 1404 superabat,
594 1337 626 1388 ut
644 1350 732 1401 neque
750 1348 784 1386 ex
802 1332 930 1386 inferiore
947 1333 1005 1386 loco

149 1410 217 1464 satis
241 1410 382 1464 commode
406 1411 464 1465 tela
482 1411 566 1480 adjici
584 1413 695 1479 possent
714 1412 744 1463 et
764 1409 845 1463 missa
864 1407 900 1462 ab
919 1408 1005 1464 Gallis

147 1486 258 1555 gravius
281 1485 442 1540 acciderent.
478 1486 542 1541 Una
559 1489 620 1540 erat
637 1500 736 1553 magno
752 1484 814 1539 usui
832 1501 876 1538 res
892 1501 1005 1554 praepa·

149 1565 210 1616 rata
232 1578 250 1615 a
272 1563 380 1630 nostris,
404 1562 486 1617 falces
509 1566 679 1632 praeacutae,
700 1561 819 1615 insertae
843 1560 1005 1630 adfixaeque

59 1673 66 1684 ·
147 1637 286 1707 longuriis,
309 1655 363 1692 non
387 1639 505 1693 absimili
528 1640 615 1693 forma
634 1638 780 1692 muralium
799 1636 914 1692 falcium.
953 1637 1005 1690 His
1051 1683 1057 1696 ‚

148 1730 233 1783 quum
248 1713 334 1782 funes,
352 1714 399 1782 qui
416 1712 558 1769 antemnas
574 1715 610 1768 ad
628 1714 714 1768 malos
732 1712 916 1781 destinabant,
935 1729 1006 1767 com.

146 1789 274 1859 prehensi
291 1788 458 1859 adductique
475 1793 562 1858 erant,
577 1790 686 1857 navigio
701 1790 783 1843 remis
799 1790 912 1843 incitato
927 1805 1005 1859 prae-

147 1863 352 1932 rumpebantur
390 1865 495 1930 Quibus
507 1865 619 1919 abscisis
630 1869 774 1919 antemnae
782 1865 935 1919 necessario
943 1881 1006 1919 con-

148 1939 277 1994 cidebant
293 1942 332 2007 ut,
350 1957 435 2010 quum
451 1942 538 1995 omnis
555 1941 665 1995 Gallicis
682 1941 795 1994 navibus
812 1957 875 2010 spes
892 1941 920 1994 in
938 1940 1005 1994 velis

147 2016 378 2084 armamentisque
390 2018 560 2084 consisteret,
574 2017 616 2070 his
629 2017 732 2087 ereptis
749 2017 835 2070 omnis
851 2033 916 2070 usus
931 2016 1004 2069 navi-

9 2111 40 2156 ,
58 2129 126 2160 „m
147 2107 195 2144 um
211 2094 407 2164 mortempore
425 2094 587 2162 eriperetur.
625 2093 772 2162 Reliquum
789 2095 850 2146 erat
866 2096 1004 2146 certamen

147 2167 267 2236 positum
278 2167 306 2220 in
319 2167 430 2236 virtute,
443 2186 497 2237 qua
508 2169 597 2223 nostri
613 2169 715 2223 milites
731 2168 811 2223 facile
829 2167 1004 2236 superabant,

148 2246 233 2311 atque
244 2258 277 2296 eo
288 2243 376 2311 magis
389 2244 463 2313 quod
474 2246 502 2298 in
515 2249 662 2313 conspeetu
675 2243 800 2298 Caesaris
816 2247 899 2311 atque
916 2245 1004 2297 omnis

148 2317 285 2372 exereitus
297 2334 342 2372 res
357 2319 507 2387 gerebatur
522 2323 555 2373 ut
570 2320 675 2373 nullum
690 2319 772 2389 paulo
787 2318 885 2372 fortius
900 2318 1004 2372 factum

150 2393 239 2448 latere
249 2396 359 2462 posset3
375 2411 469 2450 omnes
480 2396 553 2450 enim
565 2396 647 2450 colles
658 2411 691 2449 ac
702 2395 762 2449 loca
773 2394 919 2463 superiora,
931 2393 1006 2449 unde

148 2473 208 2524 erat
231 2470 398 2538 propinquus
421 2472 567 2541 despectus
589 2471 618 2524 iu
636 2486 720 2539 mare,
737 2469 773 2523 ab
790 2470 912 2523 exercitu
928 2471 1006 2524 tene-

150 2544 257 2599 bantur.

203 2627 242 2675 15.
278 2621 408 2690 DisJectis
426 2624 459 2675 ut
480 2621 599 2675 diximus
619 2621 762 2688 antemnis,
782 2637 866 2690 quum
886 2621 1005 2689 singulas

147 2696 228 2751 binae
240 2713 271 2751 ac
283 2702 380 2752 ternae
391 2713 473 2751 naves
486 2697 731 2764 circumsteterant,
743 2696 845 2751 milites
857 2713 962 2751 summa
979 2699 1005 2749 ιι·

147 2772 342 2828 transcendere
364 2773 393 2826 in
415 2772 534 2826 hostium
562 2787 646 2825 naves
674 2772 883 2826 contendebant.
926 2773 1005 2836 Quod

146 2850 293 2916 postquam
304 2846 413 2902 barbari
422 2848 483 2902 fieri
492 2847 751 2913 animadvertenmt,
762 2847 925 2915 expugnatis
934 2863 1005 2902 com-

147 2923 272 2993 pluribus
290 2923 411 2991 navibus,
428 2941 512 2993 quum
531 2923 558 2978 ei
574 2924 615 2977 rei
633 2919 737 2975 nubum
756 2924 925 2992 reperiretur
942 2939 1006 2976 aux-

146 2999 232 3067 ilium,
243 2998 308 3068 iuga
320 3000 436 3053 salutem
447 3003 543 3068 petere
555 2998 769 3062 contendenmt3
780 2996 879 3065 sejam
895 3014 1005 3051 conver-

147 3076 185 3129 sis
196 3075 224 3129 in
235 3069 296 3129 eam
308 3078 415 3145 partem
431 3075 544 3128 navibus
554 3090 609 3143 quo
616 3077 715 3127 ventus
723 3071 841 3135 ferebat,
852 3076 928 3124 tauta
942 3070 1005 3124 sub-

58 3201 64 3212 .
147 3152 189 3206 ito
207 3151 319 3206 malacia
337 3167 369 3205 ae
386 3151 571 3220 tranquillitas
589 3149 695 3203 exstitit
713 3155 747 3208 ut
757 3164 788 3201 se
804 3163 839 3200 ex
855 3146 914 3200 loco
933 3161 1005 3197 com-
