2175 3409
419 157 420 162 ,
501 118 612 168 LIBER
629 119 664 168 V.
979 124 1008 169 91

161 210 270 265 qnoque
287 196 394 266 accidit,
415 198 490 268 quod
506 198 562 253 fuit
578 215 697 267 necesse,
714 202 748 255 ut
764 200 885 255 nonnulli
901 200 1011 270 milites,

161 272 208 339 qui
215 272 370 339 lignationis
377 276 588 345 munitionisque
597 278 679 330 causa
687 276 716 328 in
725 277 806 330 silvas
813 276 1011 346 discessissent,

160 350 303 416 repentino
327 350 452 420 equitum
472 350 593 405 adventu
610 351 848 420 interciperentur,
884 352 938 406 His
960 354 1012 407 cir-

161 425 311 479 cumventis
334 443 434 494 magna
460 443 543 480 manu
570 427 719 494 Eburones,
744 428 846 493 Nervii,
871 428 1011 490 Aduatuci

160 503 244 568 atque
261 500 358 555 horum
375 501 495 555 omnium
513 502 579 556 socii
597 506 626 557 et
637 503 750 557 clientes
761 503 1011 573 legionem‘oppug-

160 576 395 645 nare-incipiunt:
418 577 506 648 nostri
519 577 657 632 ¹solerter
679 579 716 632 ad
739 595 816 632 arma
837 583 1010 647 concurrunt,

159 650 260 705 vallum
283 652 475 707 conscendunt.
512 655 605 721 Aegre
620 653 644 707 is
660 653 719 708 dies
739 657 917 724 sustentatur,
935 656 1010 723 quod

160 741 267 780 omnem
283 733 360 796 spem
374 727 469 782 hostes
484 729 513 781 iu
526 728 669 783 celeritate
682 728 828 798 ponebant,
843 732 927 797 atque
940 729 1011 785 hanc

160 800 253 869 adepti
276 802 416 856 victoriam
436 802 466 856 iu
488 806 652 872 perpetuum
670 821 700 858 se
717 805 776 858 fore
794 804 911 858 victores
928 805 1011 859 confi·

160 876 270 932 debant.

210 958 254 1007 40.
288 953 439 1008 Mittuntur
456 954 493 1008 ad
510 954 655 1010 Gaesarem
669 957 812 1011 confestim
827 957 863 1011 ab
879 957 1012 1013 (lioeroue'

48 1023 53 1036 '
70 1027 74 1034 ’
152 1007 268 1086 ⁴litterae
287 1030 393 1097 maguis
408 1031 555 1100 propositis
571 1033 699 1099 praemiis
716 1032 945 1102 sipertmissent:
962 1033 1011 1086 ob

160 1104 241 1156 sessis
268 1104 393 1178 omnibus
421 1103 472 1159 viis'
498 1106 575 1160 missi
602 1107 822 1177 intercipirmtur.
856 1108 949 1162 Noctu
975 1124 1010 1161 ex

159 1179 275 1233 materia
292 1196 373 1248 quarn
383 1182 549 1237 vmunitionis
566 1199 647 1236 causa
664 1186 901 1251 comportaverant
917 1187 1011 1238 turres

159 1253 306 1314 admodum
330 1257 563 1313 cxx·:excitantur
585 1257 740 1312 incredibili
761 1259 917 1324 celeritate3
939 1259 1011 1327 quae

159 1328 256 1383 deesse
275 1331 351 1398 operi
371 1330 534 1385 videbantur
553 1334 742 1401 perficiuntur.
777 1335 881 1389 Hostes
899 1339 1011 1403 postero

159 1404 205 1459 die
228 1405 326 1462 multo,
339 1406 489 1475 maioribus
511 1408 612 1461 coactis
635 1410 720 1478 copiis
737 1414 828 1464 eastra
845 1413 1010 1478 oppugnant,

158 1481 257 1535 fossam
269 1481 413 1555 complent.
449 1481 496 1536 Ab
506 1483 608 1536 nostris
620 1485 717 1539 eadem
728 1485 835 1539 ratione
847 1502 902 1554 qua
920 1485 1011 1554 pridie

158 1557 309 1612 resistitur:
321 1558 373 1611 hoc
384 1556 459 1611 idem
471 1557 585 1626 reliquis
597 1559 724 1628 deinceps
740 1560 773 1613 fit
787 1559 890 1614 diebus
926 1560 953 1613 N
955 1561 1010 1614 ulla

157 1648 222 1701 pars
240 1632 366 1688 nocturni
385 1633 516 1702 temporis
534 1633 570 1687 ad
589 1634 710 1688 laborem
729 1635 935 1690 intermittitur:
955 1652 1009 1689 non

158 1708 254 1776 aegris,
262 1725 315 1762 uon
322 1708 470 1763 vulneratis
479 1708 595 1763 facultas
604 1710 704 1778 quietis
713 1711 808 1765 datur:
821 1728 1009 1780 quaecumque

158 1784 327 1852 rad—proximi
344 1783 400 1838 diei
417 1785 647 1853 oppugnationem
662 1802 730 1854 opus
748 1790 819 1853 sunt,
836 1791 920 1840 noctu
930 1804 1010 1841 com·

157 1861 561 1929 paranturzmultaepraeustae
571 1861 777 1930 sudesmaguus
787 1862 933 1915 muralium
941 1863 1010 1932 pilo·

82 1957 101 1967 ··
157 1951 218 1989 rum
236 1952 366 1989 uumerus
383 1936 553 2000 instituitur3
570 1940 662 1990 turres
677 1936 894 2006 contabulantur,
909 1939 1009 2006 pinuae

157 2009 315 2080 loricaeque
327 2028 362 2066 ex
377 2011 499 2066 cratibus
515 2015 684 2067 attexuntur.
721 2012 786 2081 Ipse
805 2011 906 2079 Cicero,
924 2030 1009 2082 quum

157 2087 316 2141 tenuissima
331 2086 488 2141 valetudiue
503 2092 584 2154 esset,
600 2103 636 2141 ue
651 2091 814 2142 nocturnum
830 2087 941 2155 quidem
957 2088 1010 2142 sibi

157 2165 266 2231 tempus
284 2163 320 2216 ad
338 2163 459 2231 quietem
476 2163 656 2231 relinquebat,
672 2165 705 2218 ut
722 2163 795 2218 ultro
812 2162 930 2217 militum
947 2179 1010 2217 eon-

79 2267 90 2290 ι
157 2252 239 2291 cursu
249 2254 282 2291 ac
293 2237 404 2291 vocibus
416 2237 468 2291 sibi
479 2235 752 2307 parceremgereur.

166 2319 251 2368 41.
287 2313 362 2367 'lunc
380 2313 464 2367 duces
482 2314 675 2383 principesque
699 2314 868 2380 Nerviorum,
892 2314 939 2380 qui
963 2313 1011 2370 alis

158 2405 240 2458 quem
258 2390 389 2443 sermonis
395 2389 511 2443 aditum
526 2406 689 2458 missamque
704 2388 840 2458 amicitiae
856 2405 918 2442 cum
934 2389 1011 2443 Cice.

157 2480 224 2518 rone
235 2463 374 2518 habebant
374 2464 510 2534 ,colloqui
522 2481 582 2518 sose
593 2465 663 2519 velle
679 2453 803 2519 dicunt
817 2465 904 2518 Facta
919 2469 1010 2533 potes

157 2545 217 2595 tate
234 2540 330 2594 eadem
347 2556 418 2609 quae
436 2540 582 2594 Ambiorix
604 2556 679 2594 cum
689 2541 794 2595 Titurio
818 2543 913 2608 egerat
938 2557 1009 2595 com-

156 2619 318 2685 memorant,
337 2616 452 2670 Omnem
473 2632 533 2670 esse
554 2617 582 2669 in
605 2616 689 2670 armis
713 2616 838 2683 Gallium,
859 2616 1010 2670 Germanos

157 2692 285 2746 Rhenum
316 2693 453 2759 transisse,
485 2692 610 2747 Caesaris
642 2692 866 2762 reliquorumque
894 2691 1009 2746 hiberna

156 2768 315 2837 oppugnari.
350 2767 469 2822 Addunt
486 2768 572 2822 etiam
595 2767 632 2822 de
649 2767 858 2823 Sabiui'morte.
893 2767 1009 2821 Ambio

147 2840 244 2911 'rigem
262 2845 403 2898 ostentant
422 2842 489 2900 fidei
507 2844 651 2900 faciundae
666 2859 757 2898 causa
790 2844 892 2897 Errare
907 2859 954 2896 eos
970 2842 1009 2896 di-

156 2918 271 2986 cuntai
294 2919 444 2988 quidquam
468 2918 504 2973 ab
526 2919 570 2973 his
593 2919 724 2989 praesidii
747 2922 859 2988 sperent
882 2918 929 2984 qui
952 2917 1009 2970 suis

157 2994 240 3048 rebus
264 2994 403 3059 diffidant;
424 3011 485 3048 sese
508 2997 601 3054 tamen
626 2993 679 3048 hoc
692 3003 767 3049 ‘esse
792 2994 821 3048 in
848 2993 1008 3047 Ciceronem

156 3068 341 3139 populumque
359 3070 512 3124 Romamm
529 3072 619 3128 animo
634 3073 668 3123 ut
684 3069 751 3123 nihil
768 3069 820 3122 nisi
837 3068 951 3121 hiberna
968 3083 1010 3119 re-

157 3148 254 3222 cusent
269 3149 354 3216 atque
369 3144 439 3199 hanc
455 3145 654 3200 inveterascere
670 3143 894 3217 consuetudinem
908 3140 1008 3200 nolint:

1003 3311 1085 3387 A
