2175 3409
98 107 144 163 182
351 102 380 151 Ο.
397 100 498 151 JULH
515 98 690 168 CAESARIS

96 182 322 254 desperationem,
334 184 367 235 nt
377 180 408 233 id
418 195 473 232 non
483 178 624 232 hominum
636 178 756 246 consilio,
765 178 815 235 sed
822 178 950 238 Deorum

97 260 236 314 voluntate
259 258 362 311 factum
382 257 520 324 putarent.
555 254 657 323 Itaque
678 254 843 310 necessitate
862 258 950 312 coacti

96 352 126 390 se
137 335 321 390 tradiderunt.

147 417 190 464 44.
220 409 321 463 Caesar
339 423 423 476 quum
435 423 511 461 suam
522 407 666 462 lenitatem
678 408 813 476 cognitam
823 407 950 463 omnibus

96 486 186 554 sciret,
193 500 280 552 neque
291 487 434 537 vereretur
445 499 480 537 ne
493 483 561 552 quid
572 482 738 537 crudelitate
749 486 863 536 naturae
872 484 950 537 ride-

95 565 174 617 retur
184 560 307 629 aspen'us
318 559 422 626 fecisse,
434 575 525 627 neque
537 559 641 614 exitum
653 559 824 613 consiliorum
837 575 949 616 suorum

96 637 334 701 animadverteret,
354 634 378 688 si
396 634 446 689 tali
464 636 571 689 ratione
590 634 705 689 diversis
723 636 751 689 in
770 636 835 690 lo'cis
854 636 950 703 plures
1042 641 1043 650 ¹

95 712 228 767 rebellare
241 711 353 765 consilia
363 709 485 777 inissent,
496 711 621 780 exemplo
634 711 758 781 supplicii
767 712 949 767 deterrendos

95 788 215 856 reliquos
233 786 408 841 existimarit.
447 786 546 854 Itaque
565 786 690 841 omnibus
710 788 758 856 qui
778 803 854 841 arma
876 788 949 842 tule-

95 868 159 918 rant
182 879 277 917 manus
300 862 450 933 praecidit3
467 862 553 916 vitam
575 864 718 931 concessit,
741 879 796 936 quo
819 863 949 919 testatior
1042 859 1043 882 ³

96 943 170 995 osset
181 955 269 1008 poena
286 937 479 1008 improborum.
514 937 650 1007 Drappes,
663 955 745 1008 quem
761 942 872 1008 captum
886 956 948 994 esse

95 1032 112 1086 a
124 1015 237 1069 Caninio
250 1013 338 1082 docui,
349 1013 406 1067 sire
418 1012 604 1080 indignatione
616 1016 646 1067 et
661 1014 755 1068 dolore
767 1016 948 1081 sinodorum,

96 1090 154 1146 sive
171 1091 269 1145 timore
287 1088 419 1158 gravioris
437 1088 571 1157 supplicii,
594 1090 687 1158 paucis
710 1088 817 1144 diebus·
832 1107 863 1145 se
885 1090 949 1146 cibo

96 1166 230 1221 abstinuit
241 1169 324 1233 atque
336 1165 377 1219 ita
387 1164 501 1218 interiit
537 1164 641 1219 Eodem
653 1168 778 1234 tempore
795 1166 947 1239 Lucterius,

95 1259 176 1310 quem
188 1241 341 1311 profugisse
353 1256 387 1294 ex
399 1239 503 1308 proelio
518 1239 622 1309 scripsi,
636 1257 720 1308 quum
734 1242 764 1294 in
780 1245 948 1311 potestatem

95 1317 214 1372 venisset
228 1315 373 1385 Epasnacti
385 1315 511 1383 Arverni,
524 1314 629 1381 (crebro
641 1316 714 1370 enim
726 1318 865 1372 mutandis
880 1318 947 1372 locis

95 1393 242 1447 multorum
260 1391 325 1445 fidei
343 1407 373 1445 se
384 1390 580 1457 committebat,
598 1391 674 1458 quod
690 1408 825 1460 nusquam
843 1393 947 1448 diutius

95 1468 154 1521 sine
175 1467 295 1536 periculo
312 1468 527 1520 commoraturus
543 1465 696 1534 ridebatur,
714 1483 798 1534 quum
816 1468 868 1526 sibi
885 1485 948 1526 con-

95 1544 166 1596 scius
184 1545 257 1596 esset
275 1557 357 1609 quam
373 1541 512 1595 inimicum
529 1541 646 1596 deberet
663 1542 808 1597 Caesarem
824 1543 946 1611 habere)

95 1618 166 1671 hunc
178 1618 348 1684 Epasnactus
365 1616 507 1670 Arvernus
521 1617 699 1672 amicissimus
716 1618 813 1688 Populi
830 1619 947 1676 Romani

95 1694 153 1747 sine
165 1691 335 1745 dubitatione
346 1691 402 1745 ulla
412 1692 534 1746 vinctum
544 1693 583 1746 ,ad
596 1692 740 1748 Gaesarem
753 1695 876 1750 deduxit.

146 1774 187 1822 45.
223 1766 359 1821 Labienus
370 1766 481 1820 interim
492 1768 521 1820 in
533 1768 652 1822 Treviris
668 1774 796 1837 equestre
812 1771 947 1839 proelium

94 1844 160 1898 facit
178 1843 343 1909 secundum
361 1842 601 1912 compluribusque
615 1845 736 1899 Treviris
750 1846 902 1900 interfectis
916 1850 948 1901 et

96 1920 245 1986 Germanis,
263 1920 310 1988 qui
327 1920 394 1974 nulli
410 1919 542 1974 adversus
561 1920 697 1975 Romanos
713 1922 815 1975 auxilia
829 1921 948 1990 denega-

94 1996 168 2062 bant,
179 1996 315 2065 principes
334 2012 428 2050 eorum
437 1996 512 2050 vivos
523 1996 552 2049 in
562 2012 638 2050 sunm
647 1997 750 2065 redigit
761 2001 929 2067 potestatem
939 2019 947 2063 ;

94 2076 177 2142 atque
188 2075 216 2127 in
227 2072 270 2127 his
288 2072 387 2126 Surum
404 2071 540 2137 Aeduum,
553 2073 601 2140 qui
617 2075 647 2125 et
664 2073 773 2127 virtutis
790 2077 820 2128 et
836 2074 947 2141 generis

95 2163 228 2202 summam
240 2148 410 2203 nobilitatem
422 2147 550 2215 habebat,
562 2147 689 2216 solusque
702 2165 735 2203 ex
749 2148 856 2203 Aeduis
867 2148 904 2202 ad
914 2148 948 2204 id

94 2228 204 2293 tempus
215 2227 404 2293 permanserat
415 2223 443 2277 in
456 2223 545 2278 armis.

146 2307 187 2355 46.
224 2300 264 2354 ua
275 2301 306 2354 ie
318 2300 428 2368 cognita
440 2298 541 2354 Caesar
553 2315 637 2368 quum
654 2299 683 2352 in
699 2299 824 2354 omnibus
840 2299 948 2354 Galliae

93 2376 219 2444 partibus
230 2376 300 2430 bene
311 2391 356 2429 res
367 2378 460 2443 gestas
471 2375 586 2441 rideret,
594 2374 788 2445 judicaretqua
800 2374 948 2445 superiori·

94 2450 146 2505 bus
158 2451 268 2506 aestivis
281 2451 397 2505 Galliam
409 2450 545 2504 devictam
557 2453 586 2504 et
598 2450 739 2505 subactam
750 2467 818 2517 esse,
829 2452 947 2519 Aquita-

94 2527 166 2581 niam
173 2543 319 2595 numquam
326 2525 407 2596 [ipse]
414 2526 524 2593 adisset,
534 2525 583 2579 sed
590 2543 640 2594 per
647 2526 679 2580 P.
689 2527 817 2581 Crassum
826 2526 947 2594 <lundam

94 2606 219 2671 exparte
230 2602 385 2670 devicisset,
397 2618 459 2656 cum
471 2616 495 2655 11
507 2601 660 2669 legionibus
671 2603 698 2656 iu
711 2619 771 2656 eam
781 2606 889 2670 partem
901 2605 947 2655 est

94 2679 238 2746 profectus,
252 2682 285 2733 ut
296 2678 335 2732 ibi
349 2681 502 2732 extremum
520 2680 629 2744 tempus
644 2681 815 2738 consumeret
828 2677 946 2731 aestivo-

94 2770 170 2820 rum;
188 2770 271 2823 quam
282 2770 349 2822 rom,
361 2753 433 2808 sicut
444 2756 544 2820 cetera,
558 2752 686 2808 celeriter
699 2752 869 2820 feliciterque
883 2768 947 2806 con-

94 2830 166 2897 iecit,
184 2846 301 2898 namque
324 2845 417 2882 ornnes
443 2829 609 2897 Aquitaniae
630 2828 756 2882 civitates
779 2828 884 2895 legatos
907 2826 946 2881 ad

94 2917 156 2953 oum
180 2903 313 2956 miserunt
330 2903 496 2971 obsidesque
514 2904 540 2957 ei
558 2903 701 2958 dederunt.
738 2902 843 2969 Quibus
860 2902 945 2957 rebus

93 2975 179 3037 gestis
190 2977 249 3042 ipse
261 2993 323 3029 cum
340 2978 464 3042 equiturn
479 2978 615 3046 praesidio
631 2978 788 3032 Narbonem
804 2978 945 3047 profectus

94 3048 144 3109 est,
156 3048 307 3100 exercitum
321 3065 372 3116 per
385 3049 491 3116 legatos
506 3052 535 3104 in
549 3051 663 3106 hiberna
677 3053 807 3108 deduxit:
825 3055 945 3121 qnatuor

94 3114 212 3180 legiones
223 3120 252 3171 in
264 3121 358 3187 Belgio
370 3122 511 3178 collocavit
522 3142 584 3179 cum
596 3126 633 3181 M.
648 3128 769 3182 Antonio
785 3131 815 3183 et
831 3129 861 3182 G.
878 3129 948 3182 'l're-
