2175 3409
518 129 631 180 LIBER
647 129 681 177 V.
995 135 1028 183 st

169 209 271 264 Caesar
281 223 331 276 pro
343 207 404 276 ejus
415 207 520 262 virtute
537 211 623 276 atque
639 208 673 262 in·
685 225 716 263 se
733 207 933 277 benevolentia,
953 214 1030 281 qnod

169 285 198 339 in
211 284 337 339 omnibus
352 284 435 341 bellis
448 285 585 356 ¹singulari
602 284 662 352 ejus
678 301 761 353 opera
776 286 868 341 tiserat
882 303 956 355 usus,
972 306 1030 343 ma-

165 360 259 428 jorum
279 360 368 416 locum
392 361 565 415 restituerat.
601 360 726 415 Tertium
745 360 806 429 jam
831 362 903 417 hunc
926 381 1028 418 annum

169 439 331 503 regnantem
349 436 450 490 inimici
469 436 565 490 multis
580 436 671 504 palam
690 453 725 490 ex
740 437 853 493 civitate
868 440 1028 494 auctoribus

169 511 377 566 interfecerunt.
414 511 694 566 Deferturearesad
704 512 858 569 Caesarem
894 516 1028 571 Illeveri-

170 590 225 654 tus,
235 587 312 656 quod
321 588 358 641 ad
369 587 465 656 plures
473 587 641 657 pertinebat,
649 604 686 641 ne
697 588 793 643 civitas
804 606 898 644 eorum
906 592 1027 660 impulsu

171 663 310 730 deiiceret,
321 663 351 716 L.
364 663 495 717 Plancum
507 679 570 717 cum
582 663 690 731 legione
702 680 737 717 ex
749 665 846 733 Belgio
858 666 985 721 celeriter
997 667 1026 720 in

171 739 306 794 Carnutes
327 739 462 809 proticisci
481 738 567 808 jubet
585 739 678 808 ibique
697 739 834 806 hiemare3
855 738 1026 811 quorumque

171 830 254 883 opera
274 816 433 885 cognoverit
457 814 615 884 Tasgetium
635 816 816 883 interiectum,
836 815 886 871 hos
904 833 1026 887 eompre-

171 890 269 945 hensos
298 892 335 944 ad
361 907 392 945 se
415 891 534 945 mittere.
570 891 686 945 Interim
709 890 745 945 ab
773 892 898 947 omnibus
926 892 1036 961 legatis·

172 968 426 1036 quaestoribusque,
439 966 540 1035 quibus
552 966 674 1035 legiones
685 967 848 1033 tradiderat,
861 968 961 1021 certior
972 968 1026 1022 fac-

172 1046 218 1097 tus
237 1047 281 1097 est
300 1044 329 1097 in
346 1043 462 1097 hiberna
480 1046 644 1111 perventum
662 1042 806 1112 locumque
823 1042 946 1097 hibernis
964 1059 1025 1098 esse

172 1119 316 1173 munitum

174 1231 177 1236 ·
224 1200 266 1249 26.
302 1193 408 1248 Diebus
430 1193 541 1249 circiter
559 1210 597 1248 xv
615 1193 716 1263 quibus
734 1193 762 1248 in
781 1193 896 1248 hiberna
914 1198 1025 1249 ventum

172 1273 223 1338 cst,
234 1269 343 1324 initium
354 1270 491 1340 repentini
502 1270 639 1324 tumultus
650 1286 682 1323 ac
698 1269 859 1323 defectionis
875 1273 965 1324 ortum
982 1275 1026 1324 est

171 1344 208 1398 ab
222 1345 384 1414 Ambiorige
398 1350 426 1399 et
439 1345 593 1410 Cativolco3
610 1345 658 1413 qui
670 1360 755 1413 quum
767 1344 804 1398 ad
815 1345 884 1399 fines
895 1346 972 1413 regni
983 1348 1024 1399 sui

173 1420 275 1474 Sabino
300 1421 453 1488 Cottaeque
476 1423 588 1489 praesto
611 1420 727 1474 dissent
750 1419 973 1491 frumentumque
995 1422 1023 1475 in

132 1535 136 1540 .
173 1495 289 1549 hiberna
311 1496 564 1566 comportasisscnt,
586 1495 769 1548 induciomari
793 1495 896 1550 Treviri
919 1497 1025 1550 nunciis

172 1571 290 1640 impulsi,
309 1588 372 1625 suos
390 1571 603 1638 concitaverunt,
623 1569 768 1638 subitoque
785 1571 922 1640 oppressis
940 1572 1025 1640 ligna-

121 1646 125 1656 '
172 1646 278 1700 toribus
296 1663 396 1714 magna
413 1662 496 1700 mauu
513 1645 551 1699 ad
568 1648 659 1700 castra
677 1650 864 1715 oppugnatum
882 1653 1025 1703 venerunt.

174 1722 262 1787 Quum
289 1722 416 1777 celeriter
434 1721 522 1776 nostri
545 1736 621 1774 arum
644 1721 780 1789 cepissent
801 1722 956 1791 vallumque
979 1723 1026 1777 ad-

173 1797 350 1863 scendissent,
374 1799 459 1865 atque
481 1813 537 1850 una
559 1812 595 1850 ex
618 1799 699 1865 parte
727 1796 857 1865 Hispanis
885 1799 1025 1866 equitibus

172 1873 279 1926 emissis
298 1872 420 1941 equestri
439 1871 543 1941 proelio
562 1871 716 1941 superiores
734 1872 858 1940 irusseut,
878 1873 1026 1943 desperata

172 1965 203 2002 re
217 1947 310 2002 hostes
327 1964 390 2002 suos
405 1946 441 2001 ab
457 1948 659 2016 oppugnatione
675 1946 851 2002 reduxerunt.
888 1949 957 2003 Tum
976 1967 1024 2004 suo

138 2063 141 2074 ,
172 2039 248 2082 more
259 2022 495 2087 conclamaverunt
507 2023 549 2076 uti
561 2015 691 2091 aliqninx
702 2023 802 2075 nostris
814 2022 850 2076 ad
861 2023 1025 2093 colloquimn

171 2099 312 2166 prodiret3
331 2097 434 2152 habere
450 2113 511 2152 sese
525 2113 597 2164 qnae
614 2097 649 2150 da
665 2113 696 2151 re
711 2098 846 2152 communi
864 2099 956 2153 dicere
970 2100 1026 2154 sel-

172 2174 238 2240 lent,
250 2174 351 2242 quibus
364 2172 447 2228 rebus
458 2172 657 2227 controversias
667 2173 753 2227 minui
764 2188 844 2241 posse
856 2178 1006 2241 sperarent.

225 2254 265 2307 27.
302 2249 426 2303 Mittitur
437 2248 473 2302 ad
489 2264 537 2302 eos
549 2248 722 2317 colloquendi
734 2264 815 2302 eausa
827 2247 856 2303 C.
869 2249 1025 2318 Arpineius,

172 2341 257 2394 eques
277 2325 424 2391 Romanus,
442 2324 585 2378 familiaris
597 2324 628 2389 Q.
646 2323 752 2390 Titurii,
772 2326 802 2378 ot
821 2324 853 2389 Q.
872 2324 971 2378 Junius
990 2342 1025 2379 ex

172 2400 307 2468 Hispania
323 2399 443 2469 quidam,
455 2400 502 2469 qui
510 2399 570 2467 jam
582 2402 647 2453 ante
663 2399 747 2452 missu
764 2399 888 2453 Caesaris
904 2399 940 2453 ad
957 2404 1025 2454 Am-

171 2474 306 2544 biorigem
317 2475 454 2530 ventitarc
466 2477 661 2540 consueverat3
671 2474 745 2544 apud
755 2490 823 2543 quos
833 2474 978 2529 Ambiorix
988 2476 1025 2530 ad

171 2551 244 2605 hunc
255 2552 367 2606 modum
376 2551 485 2606 locutus
497 2555 554 2606 est:
570 2551 637 2605 Sese
648 2568 698 2620 pro
716 2551 840 2604 Caesaris
854 2551 883 2605 in
898 2568 928 2605 se
942 2552 1025 2607 bene-

171 2626 241 2681 fieiis
256 2628 405 2696 plurimum
417 2628 443 2681 ei
455 2626 579 2681 confiteri
592 2625 701 2692 debere,
714 2626 789 2695 quod
801 2626 862 2694 ejus
879 2644 963 2697 opera
978 2628 1026 2683 sti-

171 2702 274 2771 pendio
297 2702 429 2757 liberatus
453 2706 526 2757 esset
550 2701 626 2771 quod
649 2701 805 2756 Aduatucis
828 2704 949 2757 finitimis
970 2705 1025 2759 suis

171 2778 293 2847 pendere
310 2781 481 2833 consuesset:
501 2777 631 2847 quodque
642 2776 668 2831 ei
681 2779 710 2831 et
721 2777 793 2831 filius
806 2782 836 2833 et
846 2778 940 2833 fratris
953 2780 1025 2833 filius

171 2854 207 2908 ab
220 2854 338 2909 Caesare
353 2855 460 2908 remissi
477 2856 576 2919 essent,¹
587 2869 656 2922 quos
674 2853 813 2908 Aduatuci
832 2854 957 2908 obsidum
976 2872 1025 2909 nu-

171 2945 248 2985 mero
259 2930 357 2984 missos
368 2930 442 2998 apud
454 2946 483 2984 so
499 2930 528 2982 in
544 2929 678 2984 servitute
694 2933 723 2983 et
739 2930 842 2983 catenis
857 2931 1025 2994 tenuissent;

171 3022 262 3075 neque
277 3005 307 3060 id
326 3006 400 3075 quod
418 3006 513 3060 recent
532 3005 569 3059 de
588 3005 788 3074 oppugnatione
806 3009 958 3058 castrorum
977 3008 1025 3058 aut

167 3080 273 3150 judicio
291 3085 339 3137 aut
357 3082 497 3136 voluntate
517 3097 567 3135 sua
585 3081 688 3146 focissc,
708 3080 758 3134 sed
778 3085 873 3133 coactu
890 3079 1025 3141 ciuitatis3

171 3174 276 3227 suaque
297 3174 358 3214 esse
378 3157 512 3232 eJusmodi
531 3156 647 3223 imperia
665 3159 699 3209 ut
721 3170 775 3208 non
798 3154 888 3207 minus
909 3152 1025 3205 haberet
