2175 3409
73 96 119 141 138
348 96 377 140 U.
395 90 499 140 JULII
516 89 691 139 CAESARIS

70 172 129 226 nati
141 173 338 227 adolescentes.
376 170 445 225 (lum
457 170 501 225 his
512 171 664 239 praemium
676 172 858 227 communicat
868 173 931 227 hor-

71 252 203 318 taturque
227 251 259 301 ut
283 263 314 301 se
337 245 440 301 liberos
457 250 487 301 et
504 247 620 316 imperio
636 250 717 301 natos
740 249 929 304 meminerint:
995 229 1013 269 ⁸

70 342 153 379 unam
169 341 230 379 csse
248 323 408 377 Aeduorum
425 323 565 378 civitatem
583 340 654 393 quae
669 323 850 378 certissimam
868 325 932 378 Gal-

70 401 124 456 liae
144 400 285 454 victoriam
306 398 453 466 distineat3
472 400 533 468 ejus
553 401 718 456 auctoritate
734 400 852 468 reliquas
868 418 931 453 mn·

71 477 168 543 tineri3
193 492 248 545 qua
267 474 428 548 transducta
449 477 536 530 locum
559 476 726 531 consistendi
749 477 878 530 Romanis
901 477 931 530 in

72 553 161 607 Gallia
184 569 238 606 non
262 552 335 607 fore:
362 569 423 607 esse
443 553 572 606 nonnullo
595 569 625 607 ee
651 552 775 607 Caesaris
799 552 931 606 beneficio

71 628 206 695 affectum,
226 628 266 681 sic
285 631 378 683 tamen
397 630 430 682 ut
445 628 626 697 justissimam
645 629 721 698 apud
739 645 802 684 eum
821 645 931 682 oausam

71 703 221 758 obtinuerit
228 725 235 771 ;
257 704 304 757 sed
328 704 390 773 plus
415 704 552 758 communi
576 704 700 759 libertati
724 704 862 758 tribucre:
882 720 932 758 cur

72 780 144 833 enim
163 780 256 849 potius
276 779 370 833 Aedui
390 780 426 834 de
444 796 493 834 suo
507 780 573 848 jure
591 784 621 834 et
637 780 673 835 de
689 781 796 849 legibus
811 780 848 835 ad
866 780 933 834 (lae-

72 873 162 911 sarem
175 855 389 926 disceptatorem
402 872 484 926 quam
500 856 616 909 Romani
628 857 665 910 ad
679 857 792 912 Aeduos
804 856 932 910 venienti

73 933 208 987 Celeriter
220 932 438 987 adolescentibus
451 935 480 986 et
492 934 616 988 oratione
629 934 806 1001 magistratus
817 935 847 987 et
855 948 932 1000 prae

74 1009 128 1062 mio
147 1008 282 1073 deductis,
299 1025 384 1078 quum
404 1025 434 1063 ee
453 1009 496 1064 vel
515 1009 654 1079 principes
674 1008 734 1076 ejus
753 1007 858 1062 consilii
873 1007 933 1060 fore

72 1085 277 1154 profiterentur,
294 1085 365 1138 ratio
380 1085 539 1153 perficiendi
552 1084 743 1154 quaerebatur,
755 1082 830 1152 quod
841 1083 934 1136 civita

73 1167 131 1215 tem
148 1163 253 1215 temere
270 1160 526 1229 adsuscipiondum
544 1160 648 1215 bellum
664 1159 863 1228 adduciposse
878 1175 933 1212 non

73 1236 257 1291 confidebant.
293 1235 400 1289 Placuit
416 1236 458 1289 uti
478 1236 616 1291 Litavicus
632 1235 729 1291 decem
745 1236 799 1289 illis
814 1233 945 1302 milibus,⁴

73 1328 144 1380 quae
166 1312 276 1366 Caesari
297 1311 333 1365 ad
351 1311 452 1365 bellum
472 1313 656 1379 mitterentur,
674 1313 871 1382 praeficeretur
892 1314 933 1365 at-

73 1403 127 1455 que
145 1403 178 1440 ea
196 1386 322 1441 ducenda
340 1391 457 1452 curaret,
475 1388 633 1457 fratresque
650 1388 711 1456 ejus
728 1388 765 1442 ad
787 1389 933 1444 Caesarem

73 1463 288 1529 praecurrerent.
329 1461 447 1531 Reliqua
459 1479 514 1531 qua
526 1464 633 1518 ratione
650 1465 693 1532 agi
712 1464 820 1532 placeat
836 1462 935 1516 consti-

73 1540 162 1591 tuunt.
449 1569 451 1572 -

128 1617 168 1667 38.
206 1612 344 1668 Litavicus
356 1619 469 1683 accepto
482 1616 612 1685 exercitu,
625 1634 709 1686 quum
721 1617 797 1669 milia
804 1631 934 1685 passuum

73 1687 183 1742 circiter
195 1703 253 1742 xxx
265 1689 301 1743 ab
314 1691 450 1759 Gergovia
463 1692 581 1760 abesset,
594 1692 750 1746 convocatis
762 1691 853 1745 subito
865 1691 935 1744 mili-

74 1763 156 1830 tibus,
188 1764 341 1834 lccrimans,
371 1767 430 1831 Quo
458 1768 662 1836 proficiscimur,
689 1769 787 1837 inquit,
816 1767 934 1821 milites?

75 1839 170 1893 Omnis
190 1845 284 1895 noster
307 1842 453 1910 equitatus,
471 1844 559 1898 omnis
579 1844 708 1899 nobilitas
726 1844 844 1914 interiit:
861 1843 935 1912 prin-

73 1915 149 1984 cipes
174 1916 301 1984 civitatis,
326 1917 498 1986 Eporedorix
521 1927 552 1973 et
574 1920 763 1986 Virdumarus,
784 1919 934 1974 insimulati

74 1991 243 2060 proditionis,
261 1992 297 2046 ab
325 1992 455 2048 Romanis
479 1994 582 2048 indicta
606 2011 688 2049 causa
705 1996 843 2050 interfecti
862 1998 934 2049 sunt.

76 2067 154 2122 Haeo
166 2066 201 2121 ab
213 2068 256 2122 bis
268 2069 422 2137 cognoscite
435 2070 483 2137 qui
495 2086 529 2124 ex
541 2070 602 2139 ipsa
615 2071 699 2125 caede
712 2072 858 2139 fugerunt3
870 2087 934 2125 nam

74 2160 125 2211 ego
138 2143 269 2198 fratribus
282 2149 366 2213 atquc
381 2145 506 2199 omnibus
518 2146 587 2200 meis
603 2147 764 2216 propinquis
781 2147 934 2201 interfectis

74 2219 169 2275 dolore
181 2221 328 2290 prohibeor
344 2238 414 2290 quae
430 2225 509 2290 gesta
527 2227 592 2278 sunt
606 2224 792 2292 pronunciare.
830 2222 934 2277 Produ-

74 2299 174 2351 cuntur
200 2297 221 2350 ii
239 2314 307 2366 qnos
330 2298 376 2352 ille
400 2298 547 2353 edocuerat
569 2316 640 2368 quae
664 2298 718 2353 dici
740 2299 831 2365 vellet,
849 2302 934 2367 atque

74 2373 172 2427 eadem
185 2390 255 2443 quae
268 2373 408 2432 Litavicus
421 2377 649 2444 pronunciaverat
666 2375 837 2429 multitudini
853 2391 935 2442 expo·

74 2453 156 2504 nunt:
177 2450 279 2503 Omnes
292 2452 399 2518 equites
413 2451 576 2505 Aeduorum
587 2451 756 2519 interlectos,
768 2450 843 2519 quod
855 2450 934 2503 collo

75 2528 131 2581 cuti
143 2544 205 2582 curn
218 2529 351 2583 Arvernis
364 2530 538 2595 dicerentur;
561 2529 635 2598 ipsos
648 2544 678 2582 ee
690 2528 765 2582 inter
780 2526 934 2580 multitudi-

74 2619 138 2656 nem
149 2605 267 2658 militum
279 2606 429 2660 occultasse
439 2610 524 2674 atque
533 2621 569 2659 ex
579 2604 671 2658 media
680 2603 765 2659 caede
773 2602 932 2670 profugisse.

76 2679 251 2734 Conclamant
268 2681 361 2734 Aedui
381 2685 411 2736 et
429 2681 582 2736 Litavicum
602 2676 698 2735 ut'sibi
716 2678 839 2734 considat
857 2678 934 2731 obse

75 2757 159 2810 crant.
197 2756 280 2818 Quasi
291 2772 362 2823 vero,
374 2757 463 2826 inquit
473 2757 528 2824 ille,
542 2757 645 2811 consilii
658 2756 694 2809 sit
705 2772 758 2824 res,
769 2772 802 2809 ac
818 2771 872 2808 non
889 2770 934 2806 ne·

75 2845 151 2881 cesse
164 2831 200 2883 sit
219 2830 296 2884 nobis
309 2833 472 2900 Gergoviam
485 2833 652 2887 contendere
672 2835 701 2885 et
720 2848 781 2886 curn
802 2830 934 2885 Arvernis

75 2908 182 2955 nosmet
191 2905 365 2972 conjungere.
401 2912 447 2963 An
459 2909 618 2963 dubitamus
628 2910 693 2975 quin
703 2908 807 2961 nefario
816 2908 935 2959 facinore

75 2975 194 3028 admisso
208 2978 322 3033 Romani
337 2981 397 3048 jam
415 2984 450 3037 ad
462 3002 511 3038 nos
530 2984 735 3039 interficiendos
755 2983 935 3037 concurrenti

77 3046 203 3114 Proinde,
216 3053 239 3103 si
251 3054 317 3118 quid
337 3056 365 3108 in
377 3059 455 3110 nobis
467 3061 550 3112 animi
563 3062 613 3125 est,
627 3075 825 3128 persequamur
841 3074 936 3111 eorum

75 3123 192 3173 mortem
205 3125 251 3190 qui
263 3126 452 3195 indignissime
464 3133 637 3201 interierunt,
651 3139 737 3203 atque
749 3134 800 3189 hos
814 3134 937 3189 latrones

13 3281 81 3341 Ι
