2175 3409
64 123 79 170 8
104 144 108 150 -
322 118 350 164 0.
367 116 384 163 J
388 116 469 164 ULII
486 114 659 162 CAESARIS

64 171 143 254 sociis
160 200 283 252 coactum
302 194 429 260 habebat,
445 194 599 263 praemittit
617 196 663 263 qui
679 195 790 249 videant
804 210 871 263 quas
885 189 916 248 in

64 278 157 344 partes
180 269 350 326 hostes‘iter
372 270 479 323 facient.
516 270 568 334 Qui
592 270 716 339 cupidius
740 271 914 324 novissimum

64 367 162 419 agmen
179 349 295 403 insecuti
313 347 399 401 alieno
418 346 476 399 loco
496 362 558 400 cum
579 348 704 414 equitatu
723 346 914 400 Helvetiorum

64 426 196 495 proelium
208 425 395 488 committunt3
414 426 443 476 et
459 423 538 491 pauci
550 422 586 476 de
596 423 697 476 nostris
710 422 818 476 cadunt.
855 422 914 486 Quo

64 502 167 570 proelio
183 500 283 554 sublati
298 499 427 566 Helvetii,
441 498 515 566 quod
533 500 689 567 quingentis
703 498 840 567 equitibus
855 501 916 551 tarr-

64 581 122 631 tam
140 575 342 631 multitudinem
363 575 486 642 equitum
504 574 689 643 propulerant,
706 574 834 627 audacius
854 573 915 626 sub

65 654 161 707 sistere
172 668 363 720 nonnunquam
375 653 405 703 et
415 650 560 704 novissimo
572 652 679 718 agmine
690 650 793 719 proelio
808 653 915 703 nostros

65 729 199 783 lacessere
213 729 367 796 coeperunt.
406 725 506 779 Caesar
522 742 585 779 suos
599 743 617 779 a
631 726 734 795 proelio
750 723 915 792 continebat,

65 821 98 858 ac
117 805 183 858 satis
201 802 322 857 habebat
339 803 368 855 in
387 801 543 871 praesentia
562 802 669 856 hostem
684 802 792 871 rapinis,
807 799 916 870 pabula-

65 880 183 933 tionibus
194 877 467 950 populationibusque
479 876 631 946 prohibere.
669 878 714 930 Ita
732 876 791 930 dies
809 876 916 929 circitor

66 956 221 1024 quindecim
241 956 295 1008 iter
315 954 439 1007 feceruut
457 954 498 1005 uti
514 953 587 1006 inter
605 953 779 1006 novissimum
798 951 916 1004 hostium

66 1048 164 1099 agmen
181 1034 211 1085 et
228 1033 351 1085 nostrum
363 1030 480 1099 primum
492 1045 545 1081 non
558 1028 673 1098 emplius
685 1029 773 1095 quinis
785 1030 833 1080 aut
845 1027 917 1079 senis

66 1107 175 1161 milibus
187 1123 315 1177 passuum
326 1107 478 1159 interesset.
599 1146 601 1150 ,

120 1189 159 1238 16.
197 1182 312 1237 Interim
335 1180 457 1251 quotidie
482 1180 583 1234 Caesar
607 1180 720 1234 Aeduos
748 1180 916 1233 frumentum

67 1259 140 1325 quod
165 1262 256 1312 essent
279 1257 386 1326 publice
410 1256 521 1324 polliciti
541 1253 673 1324 flagitare.
709 1255 781 1308 Nam
803 1257 916 1326 propter
1070 1237 1072 1248 ’

67 1335 176 1402 frigore,
187 1334 260 1402 quod
273 1333 362 1387 Gallia
373 1332 424 1385 sub
436 1330 684 1400 septemtrionibus,
693 1335 725 1385 ut
737 1333 802 1384 anto
814 1330 916 1383 dictum

67 1413 118 1477 est,
130 1411 219 1478 posita
231 1412 282 1476 est,
294 1425 348 1462 non
360 1407 441 1460 modo
456 1407 595 1460 frumenta
611 1403 644 1459 in'
657 1407 728 1474 agris
742 1404 850 1459 matura
862 1422 916 1459 non

68 1487 158 1551 erant,
168 1483 217 1538 sed
228 1499 264 1537 ne
275 1482 369 1552 pabuli
381 1482 491 1551 quidem
506 1483 577 1536 satis¹
588 1499 688 1551 magna
701 1483 777 1551 copia
791 1486 917 1551 suppete-

67 1559 132 1615 bat:
150 1576 182 1614 eo
203 1562 295 1613 autern
313 1559 450 1612 frumento
471 1558 546 1625 quod
565 1559 674 1611 flumine
695 1559 786 1612 Arare
804 1557 917 1611 navibus

69 1636 240 1703 subvexerat,
259 1638 406 1704 propterea
424 1634 466 1687 uti
482 1634 571 1687 minus
590 1638 699 1703 poterat
718 1634 791 1701 quod
809 1634 863 1687 iter
882 1632 917 1686 ab

69 1710 299 1765 Arare'Helvetii
318 1708 513 1788 averteranta
531 1710 629 1778 quibus
643 1710 785 1764 discedere
800 1709 916 1762 nolebat.

69 1787 149 1841 Diem
162 1804 196 1842 ex
208 1787 253 1840 die
265 1786 366 1840 ducere
379 1786 471 1839 Aedui
478 1806 485 1851 ;
503 1786 626 1853 conferri
638 1785 809 1854 comportari,
820 1784 917 1838 adesse

69 1863 175 1917 dicere?
204 1863 260 1916 Ubi
278 1880 308 1917 se
328 1862 429 1916 diutius
446 1862 508 1916 duci
523 1862 660 1915 intellexit
675 1866 704 1915 et
720 1861 792 1915 diem
808 1862 917 1928 instare,

69 1955 122 2008 quo
134 1939 179 1993 die
190 1939 356 1993 frumentum
368 1938 599 1991 militibus'metiri
611 1934 758 2007 oporteret,
766 1937 918 1990 convocatis

69 2031 163 2068 eorum
182 2015 356 2085 principibus,
376 2013 491 2082 quorum
509 2030 635 2081 magnam
655 2006 759 2081 copiam
777 2013 918 2065 incastris

69 2090 194 2158 habebat,
206 2091 234 2145 in
246 2091 288 2144 his
297 2090 431 2143 Divitiaco
443 2091 472 2143 et
483 2090 567 2153 Lisco,
574 2090 620 2157 qui
632 2105 736 2143 summo
747 2087 919 2159 magistratui

69 2170 204 2235 praeerat,
217 2182 299 2234 quem
311 2163 513 2232 Vergobretum
526 2165 664 2234 appellant
677 2165 775 2231 Aedui,
787 2165 833 2232 qui
844 2180 919 2217 crea·

71 2244 118 2294 tur
135 2258 240 2295 annuus
257 2244 287 2295 et
304 2241 376 2294 vitae
393 2241 520 2308 necisque
531 2241 560 2293 in
577 2257 639 2294 suos
651 2240 734 2294 habet
746 2242 919 2308 potestatem,

72 2318 192 2385 graviter
203 2333 257 2371 eos
276 2320 392 2371 accusat.
403 2316 484 2384 quod,
498 2332 583 2384 quum
601 2333 690 2384 neque
708 2316 762 2369 emi
779 2331 867 2381 neque
884 2331 919 2367 cx

70 2394 143 2461 agris
161 2394 232 2447 sumi
246 2396 346 2462 posset,
358 2396 416 2446 tam
432 2392 584 2447 necessario
599 2395 731 2461 tempore,
742 2394 800 2444 tam
811 2390 920 2458 propin·
1002 2443 1003 2450 ,

72 2470 132 2537 quis
149 2469 272 2524 hostibus
290 2468 326 2522 ab
343 2469 376 2521 iis
392 2485 446 2522 non
465 2467 639 2533 sublevetur3
656 2466 818 2536 praesertim
836 2482 920 2533 quum
1007 2475 1011 2482 ·

70 2560 169 2612 magua
187 2562 222 2599 ex
241 2544 320 2613 parte
339 2561 432 2598 eorum
450 2544 576 2613 precibus
594 2543 729 2596 adductus
744 2541 846 2595 bellum
863 2556 921 2593 sus-

71 2620 181 2687 ceperit,
188 2620 275 2674 multo
287 2621 369 2673 etiam
380 2620 487 2687 gravius
499 2619 573 2688 quod
585 2620 621 2673 sit
632 2618 781 2672 destitutus
790 2616 919 2685 queritur.

127 2698 166 2752 17.
202 2694 271 2748 'lum
283 2696 393 2749 demum
405 2695 499 2749 Liscus
511 2695 634 2748 oratione
648 2694 772 2748 Caesaris
786 2692 921 2746 adductus

73 2770 146 2838 quod
163 2774 245 2826 antea
260 2774 383 2825 tacuerat
396 2771 539 2839 proponit:
559 2771 627 2824 Esse
644 2770 793 2836 nonnullos,
806 2783 921 2836 quorum

72 2847 219 2900 auctoritas
238 2846 312 2916 apud
330 2845 439 2915 plebem
457 2846 602 2914 plurimum
618 2846 715 2913 valeat,
731 2846 777 2915 qui
794 2844 922 2913 privatim

72 2919 134 2986 plus
145 2922 249 2988 possint
261 2938 342 2990 quam
354 2922 405 2990 ipsi
416 2921 599 2988 magistratus.
627 2922 687 2975 Hos
699 2921 828 2975 seditiosa
839 2923 923 2986 atque

74 2993 197 3062 improba
208 2996 329 3050 oratione
341 2995 544 3049 multitudinem
557 2996 697 3051 deterrere
708 3014 744 3051 ne
755 2997 922 3049 fnunentum

75 3069 214 3121 conferant
226 3069 315 3139 *quod
326 3073 466 3140 praestare
479 3070 598 3125 debeant
608 3094 615 3138 ;
633 3073 656 3126 si
671 3072 730 3140 jam
741 3072 923 3140 principatum
983 3086 987 3092 ’

22 3147 27 3159 ’
75 3140 179 3197 Galliae
200 3142 323 3199 obtinere
343 3161 397 3198 non
417 3148 535 3214 possent,
556 3146 693 3201 Gallorum
717 3163 799 3216 quam
823 3146 923 3201 Roma-
