2175 3409
517 109 630 159 LIBER
646 109 698 159 VI.
986 113 1034 159 113

181 195 307 260 pareunt.
343 192 403 246 Hos
416 191 540 247 studiose
551 191 638 247 foreis
648 195 744 263 captos
759 192 936 247 interficiunt
971 192 1034 247 Hoe

181 284 212 322 se
226 268 320 323 labore
336 268 438 323 durant
452 268 599 338 [homines]
613 268 801 324 adolescentes
815 272 900 338 atque
913 269 970 323 ‘hoo
986 285 1034 336 ge-

179 360 246 399 nere
257 344 408 399 venationis
420 348 565 410 exercent;
577 348 606 400 et
618 346 665 415 qni
677 345 809 414 plurimos
820 361 854 399 ex
867 344 910 398 his
922 344 1033 399 interis

180 424 285 489 cerunt,
294 420 389 474 relatis
400 421 428 474 in
438 420 577 489 publicum
588 419 716 475 comibus
726 436 798 490 quae
809 419 865 474 sint
876 419 1032 486 testimonio

180 499 306 564 magnam
317 496 413 551 ierrmt
423 496 540 550 laudem
577 496 632 551 Sed
644 495 807 551 adsuescere
818 496 855 550 ad
866 494 990 550 homines
1001 500 1032 550 et

180 572 353 627 mansuefieri
364 589 400 626 ne
411 572 518 642 parvuli
530 572 643 641 quidem
654 571 762 640 excepti
771 574 893 641 possunt.
923 572 1032 640 Ampli-

180 646 249 700 tudo
267 662 398 703 cornuum
414 651 443 702 et
458 648 547 716 figura
558 650 588 701 et
600 648 705 716 species
717 648 835 701 multum
847 663 864 700 a
874 649 1030 701 nostrorum

179 720 262 776 boum
285 722 412 777 cornibus
436 722 537 777 differt.
559 719 651 776 ‘Haeo
674 722 797 777 studiose
819 721 972 791 conquisita
994 722 1030 776 ab

94 827 102 842 ·
168 784 264 853 *labris
275 802 390 867 argento
402 798 619 853 circumcludunt
630 801 714 867 atque
722 797 751 852 in
761 797 933 867 amplissimis
942 799 1030 867 epulis

179 888 229 941 pro
241 874 345 942 poculis
356 877 480 930 utuntur.

232 953 273 1005 29.
310 950 411 1004 Caesar
422 952 568 1018 postquam
584 966 635 1019 per
650 948 738 1003 Ubios
754 948 941 1016 exploratores
956 964 1029 1004 oom-

178 1024 252 1093 perit
264 1024 367 1078 Suevos
383 1042 443 1100 sesa
459 1025 487 1078 in·
503 1024 745 1095 silvasvreoepisse,
763 1023 881 1092 inopiam
898 1024 1028 1094 frumenti

179 1100 289 1166 veritus,
302 1100 382 1168 quod,
395 1104 426 1155 ιιι
447 1116 529 1169 supra
544 1100 798 1168 demonstravimus,
807 1098 919 1153 minime
934 1115 1028 1154 omnes

180 1174 311 1228 Germani
330 1176 514 1243 agriculturae
533 1176 654 1245 student,
665 1175 808 1230 constituit
825 1190 880 1228 non
898 1175 1027 1244 progredi

178 1249 300 1317 longius3
323 1251 380 1320 sed,
397 1268 432 1305 ne
449 1251 559 1304 omnino
581 1254 687 1305 metum
709 1249 816 1304 reditus
839 1249 881 1303 sui
903 1249 1027 1304 barbaris

177 1325 298 1394 tolleret,
309 1329 393 1395 atque
404 1330 437 1381 ut
449 1342 542 1381 eorum
554 1326 657 1380 auxilia
672 1325 806 1392 tardaret,
817 1325 932 1380 reducto
947 1342 1025 1381 exer-

177 1400 235 1454 citu
247 1404 355 1470 partem
366 1401 491 1456 ultimam
502 1402 602 1470 pontis,
615 1418 685 1470 quae
696 1400 770 1470 ripas
778 1399 913 1455 Ubiorum
922 1402 1026 1456 contin-

177 1475 268 1544 gebat,
291 1478 320 1530 in
342 1477 540 1545 longitudinem
558 1477 660 1547 pedum
678 1491 710 1531 co
727 1476 859 1531 rescindit
865 1496 872 1542 ;
889 1480 974 1546 atque
996 1479 1024 1532 in

106 1582 113 1600 .
177 1555 302 1606 extremo
326 1556 410 1621 ponte
427 1553 525 1607 turrim
542 1552 729 1607 tabulatorum
747 1556 865 1622 quatuor
881 1554 1024 1608 constituit

176 1626 399 1696 praesidiumque
410 1628 564 1681 cohortium
576 1643 620 1681 xn
631 1628 722 1696 pontis
733 1628 831 1682 tuendi
843 1644 925 1682 eausa
937 1630 1023 1697 ponit,

176 1703 336 1773 magnisque
359 1720 423 1758 eum
445 1703 534 1758 locum
558 1704 753 1758 munitionibus
774 1704 873 1758 firmat.
909 1705 942 1757 Ei
964 1704 1023 1758 loco

176 1779 369 1849 praesidioque
387 1779 416 1833 0.
427 1779 583 1834 Volcatium
602 1779 709 1833 Tullum
730 1779 931 1833 adolescentem
946 1795 1022 1848 prae-

175 1853 249 1909 fecit.
286 1854 359 1923 Ipse,
371 1871 455 1923 quum
467 1858 651 1909 maturescere
662 1854 800 1909 frumenta
810 1854 970 1923 inciperent,
985 1855 1021 1907 ad

175 1928 279 1983 bellum
304 1930 471 1998 Ambiorigis
494 1930 632 1998 proiectus
654 1946 705 1998 per
723 1929 902 1984 Arduennam
918 1930 1021 1996 silvam,

176 2021 247 2072 quae
265 2009 308 2059 est
330 2006 416 2060 botius
434 2006 537 2059 Galliae
554 2006 673 2058 maxima
690 2008 774 2074 atque
791 2005 827 2058 ab
843 2004 911 2074 ripis
931 2005 1020 2058 Rheni

175 2080 331 2149 finibusque
342 2079 514 2150 Trevirorum
531 2079 567 2134 ad
585 2080 702 2135 Nervios
716 2081 844 2149 pertinet,
859 2078 1022 2149 milibusque
1059 2126 1063 2132 .

175 2155 290 2224 amplius
307 2155 462 2225 quingentis
475 2156 503 2208 in
517 2155 717 2223 longitudinem
730 2158 816 2224 patet,
829 2155 858 2209 Ii.
872 2155 1020 2208 Minucium

175 2229 298 2285 Basilum
310 2247 372 2285 cum
388 2231 461 2284 omni
477 2231 605 2298 equitatu
622 2231 785 2300 praemittit,
803 2230 827 2283 si
844 2230 911 2299 quid
928 2230 1021 2284 celeri-

173 2308 235 2360 tate
257 2306 364 2360 itineris
389 2310 472 2373 atque
499 2306 706 2376 opportunitate
731 2306 863 2373 temporis
888 2306 1020 2374 proficere

173 2381 262 2449 possit
269 2403 276 2447 3
289 2385 381 2436 monet
393 2385 425 2435 ut
436 2382 513 2449 ignes
525 2382 554 2435 in
566 2382 664 2436 castris
677 2382 736 2435 lieri
750 2381 902 2448 prohibeat,
914 2397 949 2435 ne
965 2398 1021 2450 qna

174 2456 235 2525 ejus
252 2457 387 2511 adventus
403 2456 497 2526 procul
521 2456 682 2525 significatio
706 2456 768 2512 fiat:
792 2473 853 2512 seso
876 2457 1019 2511 consestim

172 2532 302 2601 subsequi
314 2532 410 2590 dicit..
537 2587 539 2592 .

225 2613 265 2661 30.
301 2608 410 2661 Basilus
420 2610 453 2662 ut
464 2607 629 2677 imperatum
641 2610 685 2662 est
700 2608 773 2662 iacit
810 2607 944 2664 Celeriter
958 2625 1020 2664 oon·

171 2686 271 2752 traque
292 2683 412 2737 omnium
431 2683 585 2753 epimonem
603 2683 727 2739 conlecto
750 2683 849 2738 itinere
867 2685 968 2740 multos
990 2685 1020 2739 in

171 2760 244 2827 agris
255 2759 428 2828 inopinantes
440 2758 637 2827 deprehendit3
656 2776 751 2814 eorum
762 2759 864 2813 indicio
878 2760 914 2814 ad
929 2759 1019 2829 ipsum

171 2834 359 2903 Ambiorigem
371 2834 521 2901 contendit,
533 2849 587 2902 quo
599 2834 628 2887 in
639 2834 698 2889 loeo
707 2851 768 2889 cum
777 2835 871 2903 paucis
880 2836 1019 2905 equitibus

170 2926 231 2964 esse
243 2910 395 2964 dicebatur.
431 2910 553 2970 Multum,
569 2925 652 2977 quum
667 2910 696 2964 in
710 2909 834 2965 omnibus
850 2910 940 2978 rebus,
960 2914 1020 2965 tum
1036 2977 1037 2980 Ἰ

169 2986 198 3038 in
210 3002 241 3040 re
252 2986 365 3039 militari
377 2988 470 3054 potest
481 2985 600 3038 fortuna.
636 2985 708 3040 Nam
721 2988 793 3041 sieut
807 3002 905 3054 magno
920 2987 1019 3040 accidit

168 3062 316 3117 casuutin
328 3062 417 3129 ipsum
429 3061 569 3115 incautum
580 3060 665 3114 etiam
677 3064 762 3130 atque
773 3062 937 3129 imparatum
954 3061 1019 3113 inci-

168 3136 258 3205 deret,
276 3137 408 3208 priusque
425 3136 485 3206 ejus
502 3136 638 3191 adventus
655 3135 691 3190 ab
708 3136 862 3214 hominibus
877 3134 1019 3189 rideretur
