2175 3409
181 193 222 246 nis
232 190 325 244 invitis
335 190 450 258 prepter
461 187 599 255 augustias
607 187 648 240 ire
659 202 712 239 nou
721 188 858 255 poterant
883 185 936 239 His
945 204 1030 255 quum

161 270 237 321 'sua
249 255 346 334 sptem
364 263 530 333 persuadere
549 278 602 315 non
621 266 738 331 possent,
756 261 862 346 legatos
885 261 921 315 ad
946 263 1032 317 llum-

180 344 303 411 norigem
316 340 444 395 Aedunm
455 339 570 392 mittunt
581 342 613 392 ut
624 355 657 392 eo
669 328 849 406 depreeatdre
866 354 883 391 a
897 337 1032 407 Sequanis

164 407 402 490 -impetrarents
406 415 557 468 Dumnorix
581 415 719 486 gratiaet
734 413 878 482 largitione
896 415 970 482 apud
985 416 1032 469 Se-

164 542 167 552 .
181 510 284 562 quanos
297 483 443 562 plnfimum
455 494 574 560 poterat,
587 494 616 544 et
625 490 761 545 Helvetiis
773 495 834 545 erat
846 491 947 545 amicus
958 492 1033 561 quod

181 588 215 624 ex
229 587 262 623 ea
278 570 389 623 civitate
407 567 580 635 Orgetorigis
594 567 677 620 filiam
693 568 721 621 in
733 567 936 622 matrimonium
948 568 1032 621 duxe-

181 650 272 712 rotet
289 645 441 714 cupiditate
459 645 536 712 regni
554 643 690 698 adductus
707 645 783 698 nevis
801 645 884 699 rebus
902 644 1033 699 studebat

181 725 210 776 et
229 738 311 790 quam
330 720 462 789 plurimas
482 720 609 774 civitates
628 736 677 773 sno
698 720 749 773 sibi
770 720 903 775 beneficio
930 720 1032 775 habere

181 797 326 851 obstrictas
345 796 460 849 volebat
498 796 599 865 Itaque
618 812 676 849 rem
693 797 813 866 suscipit
825 801 854 852 et
869 798 1033 866 aSeqnanis

180 874 311 942 impetrat
335 875 367 925 ut
390 888 440 941 per
464 872 532 925 fines
557 888 619 925 suos
644 872 786 926 Helvetios
815 873 856 927 ire
885 874 1033 943 patiantur,

139 945 145 950 ’
181 949 346 1017 obsidesque
369 949 411 1001 uti
435 949 507 1001 inter
531 964 592 1001 sese
611 947 679 1001 dent
702 948 826 1015 perlicit:
852 949 977 1016 Sequani,
997 965 1033 1002 ne

180 1026 278 1079 itinere
293 1024 435 1077 Helvetios
446 1023 609 1092 prohibeant
619 1044 626 1089 ;
646 1023 774 1088 llelvetii,
785 1027 818 1077 ut
829 1024 888 1079 sine
900 1024 1033 1077 maleficio

180 1104 210 1154 et
220 1099 323 1167 injuria
335 1103 483 1153 transeant.

233 1181 271 1228 10.
304 1175 413 1229 Caesari
429 1175 603 1228 renuntiatur
621 1174 756 1228 Helvetiis
768 1190 829 1228 esse
840 1175 869 1227 in
880 1175 971 1229 animo
981 1193 1032 1245 per

180 1267 278 1318 ugrum
291 1250 478 1319 Sequanorum
492 1253 521 1303 et
530 1249 691 1302 Aeduorum
703 1250 756 1303 iter
765 1250 793 1302 in
803 1249 953 1303 Santonum
963 1250 1031 1304 fines

180 1324 279 1394 faeere,
293 1326 338 1394 qui
351 1342 404 1379 non
420 1326 499 1394 longe
514 1342 531 1378 a
547 1323 712 1379 Tolosatium
727 1325 825 1378 finibus
841 1325 948 1392 absunt,
962 1343 1032 1394 qnae

180 1402 276 1456 civitas
288 1402 370 1455 estin
382 1402 525 1470 provincia
562 1400 598 1453 Id
609 1401 633 1453 si
647 1400 734 1466 fieret,
746 1401 918 1470 intelligebat
933 1418 1032 1471 magno

181 1493 242 1531 cum
260 1477 381 1546 periculo
397 1477 550 1546 provinciae
563 1477 685 1529 futurum
699 1480 731 1530 ut
744 1477 866 1530 homines
881 1476 1030 1544 bellicosos,

181 1553 272 1622 populi
286 1553 400 1606 Romani
412 1553 540 1618 inimicos,
550 1553 616 1606 loeis
626 1553 783 1620 patentibus
795 1554 967 1622 maximeque
976 1554 1033 1607 iru-

182 1630 321 1682 mentariis
334 1629 463 1683 finitimos
474 1628 597 1682 haberet.
629 1627 672 1680 Ob
684 1645 731 1681 eas
747 1646 842 1682 causas
854 1630 879 1683 ei
891 1630 1033 1683 munitioni

183 1722 264 1773 quam
283 1705 386 1758 fecerat
404 1704 433 1758 Τ.
453 1704 603 1760 Labienum
622 1703 743 1771 legatum
760 1705 910 1774 praefecit3
929 1705 1034 1774 ipsein

184 1781 292 1834 Italiam
304 1781 409 1848 magnis
420 1780 564 1834 itineribus
575 1778 717 1832 contendit
729 1779 853 1848 duasque
863 1780 902 1833 ibi
914 1780 1035 1849 legiones

182 1856 335 1921 'conscribit
348 1859 377 1909 et
389 1860 447 1909 tres
459 1871 529 1924 qnae
541 1854 643 1909 eirenrn
656 1855 813 1924 Aquileiam
824 1855 984 1911 hiemabant
999 1874 1034 1911 ex

183 1930 305 1984 hibernis
325 1930 425 1997 educit,
445 1935 548 2000 etqua
568 1930 722 1999 proximum
745 1931 800 1984 iter
822 1932 851 1984 iu
874 1931 1034 1986 ulteriorem

69 2069 73 2074 ι
185 2005 301 2060 Galliam
319 2022 371 2075 por
389 2007 475 2075 Alpes
492 2009 554 2060 erat
568 2022 628 2058 eum
644 2005 687 2058 his
699 2006 819 2075 quinque
831 2006 983 2075 legionibus
994 2008 1035 2061 ire

185 2082 332 2137 contendit.
364 2082 408 2135 Ibi
421 2082 572 2136 Ceutrones
585 2086 614 2135 et
626 2081 759 2137 Graioceli
771 2085 801 2136 et
817 2082 961 2151 Caturiges
970 2082 1036 2136 loeis

185 2156 371 2227 superioribus
387 2157 525 2226 occupatis
540 2157 640 2211 itinere
659 2160 809 2212 exereitum
828 2157 975 2227 prohibere
992 2175 1036 2212 co

184 2237 291 2287 uantur.
329 2233 520 2301 Compluribus
531 2233 575 2286 his
586 2233 695 2303 proeliis
706 2234 798 2302 pulsis,
811 2234 845 2287 ab
858 2233 948 2302 Coelo,
962 2234 1036 2303 qued

186 2313 228 2363 est
239 2308 374 2363 citerioris
385 2310 537 2378 provinciae
551 2313 711 2374 extremum,
718 2310 747 2362 in
759 2309 828 2361 fines
840 2310 1035 2365 Vocontiorum

184 2385 322 2438 ulterioris
337 2385 490 2453 provinciae
503 2384 549 2437 die
564 2384 680 2452 septimo
693 2385 826 2451 pervenit,
838 2385 908 2437 inde
917 2385 946 2437 in
957 2386 1036 2440 ‘Allo

184 2459 302 2528 brogum
317 2461 392 2524 fines,
406 2460 441 2513 ab
458 2459 652 2527 Allobrogibus
665 2459 694 2512 in
709 2460 871 2526 Segusiauos
886 2464 1034 2517 exereitum

184 2535 266 2589 ducit.
291 2536 330 2589 Hi
342 2540 405 2590 sunt
417 2540 496 2590 extra
507 2534 672 2604 provinciam
686 2539 764 2589 trans
774 2536 938 2593 Rhodanum
947 2541 1034 2609 primi.

237 2618 276 2666 ll.
314 2611 436 2666 Helvetii
443 2612 502 2680 jam
514 2628 565 2682 per
577 2612 717 2680 angustias
729 2616 759 2667 et
767 2614 835 2667 fines
848 2615 1035 2685 Sequanorum

185 2702 246 2741 suas
260 2687 351 2756 copias
363 2687 584 2755 transduxerant,
597 2692 627 2743 et
639 2689 667 2741 in
684 2690 843 2744 Aeduorum
857 2692 926 2745 fines
941 2708 1036 2760 perve-

184 2766 282 2817 nerant
294 2779 442 2830 corumque
454 2780 534 2832 agros
548 2765 755 2835 populabantur.
794 2767 894 2832 Aedui,
907 2783 990 2835 quum
1006 2783 1036 2820 se

185 2854 289 2908 suaque
297 2838 531 2894 abiisdefendere
539 2857 594 2894 non
603 2846 722 2909 possent,
730 2842 1036 2910 legatcsadCaesarem

185 2916 301 2970 mittunt
314 2918 440 2982 rogatum
453 2915 599 2970 auxilium:
620 2917 667 2970 ita
678 2934 708 2970 se
719 2919 792 2971 omni
804 2922 930 2987 tempere
942 2919 978 2973 de
989 2936 1036 2987 pe

183 2991 249 3058 pulo
262 2990 386 3044 Romano
397 2991 510 3044 meritos
522 3008 582 3044 esse
593 2995 625 3045 ut
635 3008 722 3058 paene
734 2992 763 3045 in
775 2998 922 3060 conspectu
934 2994 1037 3047 exerei-

185 3065 338 3119 tus'nostri
357 3065 417 3132 agri
436 3066 544 3129 vastari,
560 3065 639 3118 liberi
655 3081 749 3118 eorum
768 3067 796 3119 iu
814 3068 973 3121 servitutem
991 3066 1035 3118 ab

186 3140 256 3204 daei,
269 3139 370 3208 oppida
382 3140 531 3206 expugnari
542 3155 596 3191 non
608 3138 760 3194 debuerint.
794 3142 900 3193 Eodem
911 3144 1036 3205 tempore

1005 3280 1071 3369 A
