2175 3409
473 96 585 147 LIBuR
605 97 656 147 vl.
963 101 1010 148 105

167 183 229 236 erat
246 181 341 251 altera,
358 178 434 250 qnod
450 178 552 232 auxilia
569 181 664 233 eontra
681 194 712 233 se
729 177 849 233 Treviris
864 178 1012 243 miserant3

167 256 263 325 altera
281 275 317 311 ne
337 256 375 311 ad
398 269 445 309 eos
464 252 610 306 Ambiorix
633 257 774 322 receptum
798 254 920 309 haberet
957 254 1012 308 His

168 333 323 387 constitutis
344 328 567 399 rebuspaullum
586 345 669 398 supra
687 346 750 384 eum
768 330 924 399 locumque
947 334 1012 385 ante

166 406 527 462 exercitum'transduxerat
542 405 633 458 facere
649 408 761 474 pontem
776 405 903 459 instituit
938 405 1013 460 Nota

167 486 253 552 atque
270 484 399 538 institita
416 481 522 535 ratione
542 495 641 545 magno
664 481 781 535 militurn
804 479 896 537 studio
918 481 1012 550 paucis

167 558 265 612 diebus
286 576 356 627 opus
377 557 503 613 efficitur.
538 556 633 610 Firmo
652 557 681 610 in
700 555 817 611 Treviris
840 556 877 610 ad
898 559 1012 626 pontem

168 635 303 703 praesidio
317 634 420 700 relicto,
436 633 549 702 nequis
565 632 601 685 ab
618 632 661 685 his
676 633 767 687 subito
778 636 869 688 motus
886 633 1012 700 oriretur,

76 710 79 713 ’
168 710 287 779 reliquas
311 710 402 779 copias
425 709 635 779 equitatumque
660 709 819 763 transducit.
862 708 936 776 Ubii,
964 708 1012 777 qui

86 811 90 816 ·
168 788 233 840 ante
252 786 362 840 obsides
380 784 516 840 dederant
535 787 620 852 atque
638 783 666 838 in
684 784 853 840 deditionem
873 788 1011 850 venerant,

168 861 304 930 purgandi
316 862 358 915 sui
370 877 452 916 causa
463 860 500 914 ad
511 876 575 914 eum
586 859 692 928 legatos
703 860 819 915 mittrmt
832 861 880 929 qui
897 859 1013 914 doceant

169 952 259 1005 neque
271 954 306 990 ex
321 954 371 992 sua
386 936 498 991 civitate
515 935 617 989 auxilia
633 937 662 988 in
680 935 810 1003 Treviros¹
823 936 907 990 missa
923 951 1013 1004 neque

168 1011 205 1065 ab
217 1028 246 1067 se
258 1013 341 1067 fidem
352 1013 467 1067 laesam:
485 1013 586 1081 petunt
602 1014 686 1078 atque
702 1015 782 1065 orant
799 1014 832 1064 ut
844 1011 896 1065 sibi
910 1013 1012 1081 pareat,

168 1104 205 1141 ne
222 1089 357 1141 communi
374 1088 438 1142 odio
455 1088 653 1142 Germanorum
671 1086 830 1142 innocentes
848 1103 899 1156 pro
916 1103 1014 1140 noeen-

169 1163 244 1217 tibus
262 1180 362 1232 poenas
378 1157 514 1233 pendant:
530 1162 555 1216 si
569 1162 686 1232 amplius
703 1162 832 1217 obsidum
852 1163 927 1229 velit,
946 1162 1013 1215 dare

169 1239 338 1307 pollicentur.
375 1239 492 1312 Cognita
506 1239 608 1293 Caesar
621 1254 702 1292 causa
719 1238 843 1307 repperit
860 1237 896 1292 ab
917 1238 1013 1293 Suavis

168 1314 269 1369 auxilia
293 1315 375 1369 missa
400 1332 468 1382 esse,
494 1314 630 1368 Ubiorum
658 1312 871 1369 satisfactionem
900 1313 1013 1382 accepit,

168 1390 263 1445 aditus
273 1390 386 1461 viasque
397 1392 425 1445 in
439 1392 541 1445 Suevos
553 1389 697 1459 perquirit

224 1473 263 1522 10.
300 1467 415 1522 Interim
427 1467 521 1536 paucis
531 1468 595 1534 post
606 1465 704 1520 diebus
716 1466 749 1520 fit
764 1465 800 1520 ab
817 1465 897 1521 Ubiis
914 1466 1014 1521 certior

169 1541 273 1614 Suevos
289 1559 382 1597 omnes
396 1559 480 1596 unum
494 1541 629 1595 inlocum
646 1542 737 1610 copias
755 1558 860 1611 cogere,
877 1547 961 1612 atque
979 1542 1015 1596 iis

169 1618 325 1672 nationibus
335 1635 407 1688 quae
419 1616 469 1672 sub
480 1634 577 1671 eorum
588 1617 645 1671 sint
656 1616 770 1686 imperio
783 1618 956 1687 denunciare,
971 1617 1014 1673 uti

169 1695 269 1748 auxilia
287 1694 427 1763 peditatus
447 1692 643 1762 equitatusque
666 1694 785 1748 mittant.
821 1693 875 1748 His
897 1693 1014 1763 cognitis

169 1769 252 1824 rebus
274 1786 334 1824 rem
356 1769 564 1823 frumentariam
592 1768 728 1837 providet,
757 1770 856 1825 castris
886 1768 1013 1825 idoneum

169 1845 258 1900 lecum
269 1845 374 1914 deligit,
388 1844 468 1898 Ubiis
479 1845 598 1913 imperat
608 1848 641 1898 ut
651 1862 750 1914 pecora
762 1845 900 1902 deducant
911 1862 1014 1916 suaque

169 1921 260 1975 omnia
277 1936 312 1974 ex
329 1920 403 1988 agris
421 1921 450 1973 in
468 1920 568 1989 oppida
585 1921 734 1990 conferant,
753 1937 865 1990 sperans
883 1922 1014 1976 barbaros

170 2001 253 2066 atquc
264 1996 406 2065 imperitos
416 1996 540 2050 homines
552 1996 645 2065 inopia
656 1997 818 2051 cibariorum
830 1997 964 2053 adductos
977 1996 1014 2051 ad

169 2071 445 2142 iniquampugnandi
466 2070 650 2127 conditionem
667 2089 747 2142 posse
765 2071 879 2128 deduci:
899 2072 1014 2126 mandat

170 2153 203 2203 ut
225 2147 334 2220 crebros
358 2147 543 2215 exploratores
566 2148 595 2201 in
619 2148 721 2202 Suevos
745 2147 865 2215 mittant,
891 2163 1020 2216 quaeque-

170 2224 246 2296 apud
263 2240 310 2278 eos
327 2227 459 2292 gerantur
478 2227 648 2291 cognoscant
686 2224 731 2278 Illi
750 2225 886 2294 imperata
903 2224 1014 2291 faciunt,

170 2304 201 2355 et
223 2299 317 2368 paucis
338 2298 435 2353 diebus
455 2299 618 2354 intermissis
641 2300 764 2356 referumt
788 2302 891 2355 Suevos
914 2316 1015 2364 omnes,

170 2379 350 2446 posteaquam
368 2367 608 2429 certioresinuncii
628 2375 664 2431 de
682 2378 807 2432 exercitu
831 2376 1015 2430 Romanonun

171 2450 304 2518 venerint,
327 2465 390 2504 cum
412 2449 538 2504 omnibus
557 2451 613 2505 suis
630 2451 818 2521 sociorumque
839 2451 924 2521 copiis
948 2468 1016 2520 quas

171 2525 324 2595 megissent
346 2524 458 2594 penitus
484 2525 520 2580 ad
548 2529 687 2594 extremos
714 2528 782 2594 fines
806 2544 837 2581 se
865 2527 1015 2597 recepisse:

171 2603 267 2657 silvam
286 2617 348 2656 esse
365 2600 405 2655 ibi
425 2601 531 2656 infinita
549 2602 745 2672 magnitudine,
769 2620 839 2673 quae
862 2603 1017 2673 appellatur

172 2665 292 2733 Bacenii
295 2697 303 2742 3
321 2677 391 2730 banc
402 2677 482 2744 longe
494 2677 629 2732 introrsus
645 2679 791 2748 pertinere,
810 2682 839 2733 et
856 2696 906 2749 pro
924 2679 1016 2734 nativo

170 2769 250 2808 muro
273 2752 409 2822 objectam
434 2752 587 2807 (lhemseos
611 2754 647 2808 ab
672 2755 776 2823 Suavis,
796 2755 955 2824 Suevosque
980 2754 1016 2809 ab

172 2829 318 2883 Cheruscis
329 2827 437 2897 injuriis
453 2827 707 2899 incursionibusque
724 2830 883 2900 prohibere:
901 2830 938 2884 ad
956 2830 1017 2899 ejus

171 2904 281 2959 initium
292 2904 376 2959 silvae
388 2904 490 2959 Suevos
501 2903 651 2958 adventum
661 2906 846 2960 Romanorum
858 2910 1017 2976 exspectare

171 2980 354 3035 constituisse.

227 3062 267 3110 ll.
303 3056 436 3122 Quoniam
453 3057 579 3112 adhunc
598 3058 686 3113 locum
706 3059 869 3127 perventum
892 3059 941 3122 est,
963 3071 1020 3112 nob

173 3131 292 3187 alienum
303 3149 365 3187 esse
376 3132 488 3187 videtur
500 3131 535 3187 de
548 3132 653 3189 Galliae
665 3131 882 3199 Germaniaeque
896 3131 1018 3185 moribus
