2175 3409
510 118 623 168 LIBER
639 118 704 168 V‘lI.
986 122 1032 170 161

175 197 316 266 fastigium
336 213 464 265 maguum
484 197 571 252 habet
588 203 765 264 momentum.
800 198 858 254 Alii
873 199 932 255 tela
948 200 1034 270 eonjie

176 275 268 339 ciunt;
279 274 325 327 alii
336 274 477 329 testudine
492 275 565 329 faeta
577 275 713 340 suheunt;
729 274 890 344 defatigatis
904 277 934 331 in
945 278 1034 335 vicem

175 350 278 418 integri
296 349 454 404 succedunt
491 352 588 419 Agger
602 350 638 404 ab
655 351 792 405 universis
808 353 837 405 in
852 353 1033 408 munitionem

175 425 316 495 conjectus
330 429 360 480 et
373 442 516 481 ascensum
531 426 581 481 dat
597 426 683 482 Gallis
698 431 729 481 et
746 443 866 496 eaquae
882 428 911 482 in
928 433 1032 484 terram

176 503 380 558 occultaverant
389 502 506 557 Romani
515 503 651 571 contegit:
660 502 779 572 necjam
787 505 1035 583 armanostrisneq

176 578 250 633 vires
262 581 420 648 suppetunt

229 658 269 710 86.
306 655 360 709 His
370 654 456 709 rebus
464 654 581 721 cognitis
591 654 693 710 Caesar
702 654 855 710 Labienum
865 671 928 710 cum
940 655 1032 710 cohors

176 732 251 786 tibus
267 748 316 786 sex
330 730 454 786 subsidio
470 730 660 786 laborantibus
676 732 777 787 mittit:
792 732 918 801 imperat,
937 732 961 786 si
975 748 1033 787 sus

176 808 265 863 tinere
276 825 331 862 non
339 808 434 877 possit,
448 807 577 861 deductis
588 807 746 862 cohortibus
758 808 902 877 eruptione
914 811 1034 877 pugnet3

176 883 207 940 id
218 884 272 954 nisi
283 884 438 939 necessario
451 900 487 953 ne
501 884 593 938 faciat.
628 884 694 954 Ipse
710 884 770 938 adit
788 884 924 952 reliquos;
938 884 1032 938 cohor-

102 981 106 986 ·
176 963 254 1015 tatur
265 977 301 1015 ne
312 960 400 1014 labori
409 958 589 1024 succumbant
597 980 604 1025 ;
615 961 735 1013 omnium
744 959 915 1029 superiorum
924 959 1033 1014 dimica·

113 1101 123 1112 ,
176 1036 283 1091 tionum
296 1037 416 1091 fructum
430 1036 460 1090 in
475 1052 508 1091 co
526 1035 572 1090 die
586 1039 670 1104 atque
687 1036 756 1090 hora
772 1036 854 1090 docet
871 1035 1030 1090 consistere.

179 1112 330 1166 Interiores
342 1112 497 1180 desperatis
510 1112 712 1180 campestribus
723 1112 790 1166 loeis
803 1114 919 1181 propter
929 1112 1033 1180 magni·

177 1187 303 1243 tudinem
314 1187 494 1243 munitionum
507 1188 567 1242 loca
575 1190 725 1257 praerupta
736 1205 772 1242 ex
779 1203 894 1243 ascensu
906 1189 1032 1243 tentant:

176 1264 230 1319 huc
243 1280 357 1331 eaquae
371 1264 705 1333 paraverant‘conferunt:
721 1263 897 1318 multitudine
913 1263 1031 1318 telorum

176 1357 212 1396 ex
224 1340 347 1396 turribus
360 1343 565 1410 propugnantes
581 1339 738 1408 deturbant,
751 1356 851 1410 aggere
865 1342 895 1395 et
907 1339 1031 1394 cratibus

177 1417 265 1472 fossas
277 1416 397 1485 explent,
407 1415 523 1470 falcibus
534 1416 634 1470 vallum
646 1432 679 1471 ac
689 1416 800 1471 loricam
811 1416 979 1471 rescindunt

228 1499 270 1552 87.
305 1493 407 1551 Caesar
417 1492 506 1547 mittit
517 1492 607 1561 primo
619 1492 737 1568 Brutum
752 1493 954 1548 adolescentem
967 1509 1030 1547 eum

175 1569 333 1624 cohortibus
344 1567 405 1639 [vr]‚
417 1571 481 1637 post
491 1585 555 1623 cum
566 1568 628 1622 aliis
639 1567 705 1639 [vn]
717 1569 747 1623 0.
760 1568 877 1623 Fabium
892 1569 1030 1637 legatum:

175 1643 315 1708 postremo
331 1638 398 1707 ipse,
413 1654 497 1706 quum
512 1636 701 1692 vehementius
717 1642 894 1706 pugnaretur,
909 1638 1031 1706 integros

54 1746 59 1753 ·
175 1712 298 1774 subsidio
309 1713 429 1768 adducit
466 1713 608 1768 Restituto
617 1714 719 1782 proelio
731 1731 763 1770 ae
774 1714 892 1784 repulsis
906 1712 1031 1769 hostibus

176 1806 210 1844 oo
227 1806 281 1858 quo
296 1789 448 1844 Labienum
463 1789 577 1843 miserm
592 1790 751 1857 contendit;
768 1791 895 1845 cohortes
912 1793 1030 1858 quatuor

175 1882 212 1921 ex
220 1866 343 1934 proximo
353 1864 466 1920 castello
479 1864 607 1931 deducit3
619 1865 742 1934 equitum
756 1871 864 1934 partem
877 1864 930 1935 [se]
944 1865 1030 1933 sequi,

176 1947 286 2011 partem
309 1942 452 1995 circumire
471 1941 624 1996 exteriores
647 1941 814 2018 munitiones
837 1944 867 1995 et
889 1941 925 1996 ab
948 1944 1029 2008 tergo

176 2017 272 2073 hostes
283 2017 384 2072 adoriri
389 2016 480 2086 jubet.
511 2016 656 2086 Labienus,
663 2021 810 2087 postquam
818 2032 908 2085 neque
915 2032 1030 2084 aggeres

176 2108 267 2163 neque
286 2095 375 2148 fossae
394 2093 449 2150 rim
469 2093 591 2147 hostium
611 2093 748 2148 sustinere
770 2094 908 2161 poterant,
928 2091 1031 2145 coactis

177 2169 434 2238 undequadraginta
444 2167 609 2236 cohortibus,
619 2185 689 2238 quas
700 2185 735 2222 ex
747 2167 878 2237 proximis
886 2166 1030 2235 praesidiis

176 2245 310 2301 deductas
327 2247 384 2299 fors
401 2244 510 2312 obtulit,
528 2244 675 2299 Caesarem
691 2260 743 2313 per
759 2243 872 2296 nuncios
888 2241 955 2297 facit
972 2258 1031 2296 cer-

176 2320 276 2375 tiorem
290 2322 357 2389 quid
367 2319 524 2375 faciundum
536 2319 683 2374 existimet.
720 2318 867 2373 Accelerat
883 2318 985 2373 Caesar
998 2320 1032 2372 ut

176 2396 280 2466 proelio
292 2397 409 2451 intersit.

230 2478 271 2528 88.
307 2472 507 2541 Ejusadventu
519 2488 554 2525 ex
566 2471 656 2527 colore
667 2472 785 2526 vestitus
796 2470 912 2539 cognito,
925 2486 980 2540 qno
990 2470 1031 2525 in·

177 2549 248 2616 signi
263 2548 291 2602 in
308 2549 417 2617 proeliis
432 2548 474 2603 uti
490 2550 677 2614 consueverat,
691 2547 844 2616 turmisque
860 2546 985 2614 equitum
1000 2549 1031 2601 et

177 2624 335 2679 cohortibus
347 2625 419 2692 visis,
428 2640 498 2692 quas
510 2641 540 2678 se
551 2624 629 2692 sequi
638 2623 769 2693 jusserat,
781 2626 815 2677 ut
827 2623 863 2678 de
873 2623 939 2677 locis
951 2639 1031 2692 supe-

177 2700 295 2755 rioribus
303 2700 371 2754 haec
378 2699 493 2754 declivia
501 2702 531 2754 et
540 2699 646 2754 devexa
653 2700 845 2768 cernebantur,
851 2698 944 2754 hostes
952 2714 1031 2767 proe-

177 2772 244 2832 lium
266 2776 450 2831 committunt.
486 2775 635 2843 Utrimque
655 2775 773 2831 clamore
797 2776 904 2829 sublato
928 2774 1031 2844 excipit

177 2863 272 2907 rursus
294 2869 330 2907 ex
352 2852 423 2906 vallo
446 2856 530 2921 atque
554 2851 680 2906 omnibus
703 2851 899 2906 munitionibus
921 2850 1031 2904 clamor.

178 2928 273 2986 Nostri
288 2928 396 2982 omissis
413 2928 476 2998 pilis
486 2927 587 2996 gladiis
604 2944 663 2982 rem
680 2931 788 2996 gerunt.
823 2927 949 2997 Repente
966 2927 1030 2994 post

177 3009 288 3072 tergum
295 3004 435 3073 equitatus
442 3003 712 3059 cernitur:cohortes
718 3003 789 3057 aliae
795 3002 1030 3074 appropinquant:

178 3080 270 3134 hostes
288 3082 367 3149 terga
379 3082 502 3133 vertunt:
517 3079 686 3147 fugientibus
699 3079 808 3148 equites
823 3079 982 3131 occurrunt:
996 3074 1030 3126 fit

177 3161 276 3224 inagna
291 3155 397 3210 medes.
433 3155 567 3221 Sedulius,
584 3154 641 3208 dux
659 3157 688 3209 et
701 3155 829 3222 princeps
846 3149 1027 3212 Lemovicum,

1020 3317 1080 3375 A
