2175 3409
484 156 596 207 LIBER
611 156 694 207 VIII.
967 160 1015 213 177

161 242 286 313 quendos
302 238 452 308 contendit,
465 255 501 294 ne
516 237 576 308 [de]
586 238 753 293 detrimento
769 241 818 292 aut
832 238 932 295 timore
951 240 1016 295 Pro

161 319 266 375 vinciae
284 333 382 386 magna
396 315 507 369 infamia
523 314 695 382 perditorum
711 312 852 368 hominnm
869 316 1016 371 latrocimis

161 398 319 449 caretur.

195 410 256 523 pgl.
280 469 310 523 Ο.
322 466 425 522 Fabius
436 483 498 521 eum
513 465 619 534 reliquo
635 465 759 519 exercitu
775 464 805 518 in
823 465 957 522 Carnutes
974 485 1018 523 ce
1075 497 1076 504 κ

162 550 291 613 ternaque
307 542 491 612 proficiscitur
501 542 636 609 civitates,
648 556 765 608 quarum
777 557 810 595 eo
820 543 925 610 proelio
943 544 1018 613 quod
1075 559 1077 598 a

162 637 226 674 eum
240 619 380 673 Dumnaco
398 618 503 673 iecerat
520 617 612 686 copias
629 633 690 673 esse
707 619 808 673 accisas
825 620 944 687 sciebat3
965 637 1018 675 non
1076 667 1078 684 ,

164 696 239 750 enim
262 694 410 749 dubitabat
434 694 501 763 quin
523 693 629 748 recenti
649 694 807 749 calamitate
828 694 1018 751 submissiones
1077 705 1078 744 ἐ

165 775 259 826 essent
282 771 400 834 futurae,
421 770 488 824 dato
511 785 577 824 vero
600 770 690 839 spatio
713 786 745 824 ac
769 774 895 840 tempore
922 771 1019 826 eodem
1078 783 1079 832 J

165 848 288 901 Instante
300 846 442 900 Dumnaco
453 849 568 915 possent
579 846 717 900 concitari.
754 846 854 911 Quain
866 855 897 901 re
915 863 1020 901 summa
1079 867 1080 870 ¹

165 922 286 977 felicitas
297 921 481 991 celeritasque
499 922 527 974 in
545 921 712 991 recipiendis
729 921 886 976 civitatibus
904 923 1020 977 Fabium

167 999 352 1066 consequitur.
373 997 446 1051 Nam
459 996 602 1065 Carnutes,
615 997 663 1066 qui
675 1012 756 1066 saepe
768 998 860 1051 vexati
872 1014 1019 1068 numquam

167 1075 243 1144 pacis
266 1074 387 1128 fecerant
411 1074 585 1141 mentionem,
610 1073 684 1128 datis
701 1072 843 1126 obsidibus
860 1075 974 1128 veniunt
991 1074 1020 1127 in

169 1149 355 1214 deditionem
372 1153 537 1218 ceteraeque
561 1150 693 1222 civitates,
722 1149 830 1217 positae
858 1148 887 1202 in
915 1149 1020 1203 ultimis
1081 1167 1083 1174 ’

170 1225 277 1280 Galliae
300 1223 407 1293 finibus,
432 1224 540 1279 Oceano
564 1224 734 1294 conjunctae,
760 1240 831 1292 quae
860 1224 1021 1279 Armoricae

170 1301 353 1370 appellantur,
364 1300 541 1364 ⁴auctoritate
559 1301 696 1355 adductae
715 1301 876 1370 Carnutum,
900 1299 1022 1355 adrem
1084 1309 1086 1368 ζ

171 1376 251 1431 Fabii
262 1376 455 1445 legionumque
466 1377 603 1447 imperata
621 1377 678 1430 sine
696 1392 773 1429 mora
790 1376 900 1430 faciunt
936 1376 1022 1430 Dum-
1085 1393 1086 1408 ³

169 1468 254 1507 naeus
278 1452 335 1506 suis
359 1451 460 1506 finibus
480 1453 617 1521 expulsus,
640 1468 736 1506 errans
759 1452 927 1522 latitansque
950 1452 1023 1506 solus
1086 1459 1087 1496 ἰ

170 1532 310 1583 extremas
322 1527 428 1582 Galliae
440 1528 566 1595 regiones
578 1531 674 1597 petere
686 1531 730 1583 est
741 1530 857 1582 coactus.

222 1610 264 1660 32.
299 1606 340 1659 At
357 1604 483 1673 Drappes
503 1619 612 1671 unaque
629 1603 782 1672 Lucterius,
799 1620 884 1672 quum
901 1602 1023 1673 legiones

171 1680 370 1749 (laniniumque
390 1678 488 1733 adesse
511 1683 714 1747 cognoscerent,
738 1696 789 1733 uec
812 1695 843 1733 se
867 1680 925 1734 sine
948 1683 1025 1733 certa

170 1756 291 1826 pernicie
301 1759 486 1825 persequente
498 1755 621 1809 exercitu
634 1759 765 1824 putarent
781 1755 940 1811 Provinciae
955 1755 1025 1808 fines

170 1832 276 1886 intrare
287 1846 375 1900 posse,
383 1846 434 1884 nec
442 1830 501 1898 jam
513 1829 629 1884 liberam
638 1830 755 1899 vagandi
767 1830 1024 1897 latrociniorumque

171 1906 359 1961 faciendorum
379 1905 538 1960 factrltatem
562 1904 704 1974 haberent,
726 1906 877 1961 consistunt
900 1906 929 1958 in
951 1905 1025 1973 agris

172 1981 368 2037 Cadurcorum.
404 1980 449 2034 Ibi
457 1997 544 2050 quum
554 1981 699 2036 Lucterius
708 1981 782 2052 apud
790 1996 853 2034 suos
862 1981 934 2034 cives
943 1996 1027 2048 quon-

171 2057 238 2111 dam
248 2057 363 2125 integris
374 2055 458 2110 rebus
469 2057 586 2111 multum
601 2058 744 2126 potuisset,
757 2071 918 2124 semperque
931 2059 1027 2109 auctor

172 2147 305 2186 novorum
317 2132 489 2186 consiliorum
504 2148 632 2200 magnam
645 2131 720 2201 apud
733 2131 864 2185 barbaros
880 2130 1027 2185 auctorita·

173 2210 232 2262 tem
249 2207 372 2274 baberet,
386 2207 519 2277 oppidum
537 2207 748 2273 Uxellodunum,
764 2206 839 2276 quod
855 2206 884 2260 iu
901 2206 1028 2261 clientela

172 2283 267 2336 fuerat
278 2282 346 2350 ejus,
357 2285 457 2336 natura
467 2282 519 2337 loci
533 2284 643 2352 egregie
654 2283 797 2349 munitum,
807 2285 922 2352 occupat
933 2282 1028 2337 suiset

175 2358 327 2427 Drappetis
338 2358 430 2427 copiis,
442 2358 648 2429 oppidanosque
660 2358 712 2412 sibi
724 2357 872 2428 conjungit.

230 2438 272 2488 33.
308 2434 367 2497 Quo
380 2451 464 2502 quum
482 2434 624 2489 confestim
644 2434 674 2489 (l.
689 2434 816 2489 Caninius
831 2435 959 2503 venisset,
973 2434 1029 2488 ani·

176 2508 419 2579 madverteretqne
438 2525 533 2564 omnes
559 2510 653 2580 oppidi
675 2513 769 2578 partes
798 2510 1031 2580 praeruptissimis

178 2584 252 2638 saxis
263 2600 324 2638 esse
335 2585 527 2655 munitusque
540 2586 708 2640 defendente
723 2586 797 2639 nullo
811 2590 904 2641 tamen
918 2586 1031 2640 minatis

177 2659 328 2715 ascendere
341 2664 415 2715 esset
427 2660 544 2728 difficile,
557 2677 657 2728 magua
670 2664 763 2715 autem
778 2662 976 2731 impedimenta
987 2678 1032 2730 op

177 2735 342 2805 pidauorum
356 2736 472 2803 videret,
484 2752 556 2804 quae
570 2736 593 2789 si
607 2736 778 2791 clandestina
790 2737 856 2805 fuga
870 2736 1033 2791 subtrahere

178 2814 351 2876 conarentur,
359 2811 478 2879 effugere
488 2826 542 2864 non
551 2810 632 2864 modo
641 2812 803 2879 equitatum,
811 2812 861 2866 sed
869 2828 905 2866 ne
912 2812 1033 2879 legiones

180 2887 293 2956 quidem
309 2890 428 2956 possent,
445 2886 588 2955 tripertito
605 2886 763 2942 cohortibus
783 2887 880 2943 divisis
894 2888 967 2940 trina
986 2902 1033 2940 ex-

175 2961 330 3016 celsissimo
341 2962 400 3016 loco
413 2964 503 3015 castm
516 2961 590 3028 feeit,
602 2978 619 3015 a
631 2962 730 3031 quibus
738 2962 888 3029 paullatim,
901 2962 1033 3031 quantum

183 3037 480 3126 copiaepatiebautur,
497 3037 598 3092 vallum
614 3037 644 3091 in
660 3037 754 3107 oppidi
773 3037 918 3091 obeuntum
933 3036 1033 3114 ducere

182 3116 382 3255 mallllttlnod
391 3205 476 3257 quum
486 3189 607 3252 animum
616 3189 794 3244 adverterent
805 3187 933 3256 oppidani
939 3187 1034 3241 miser-
