2175 3409
488 150 601 200 LIBER
616 148 650 198 V.
968 150 998 197 sl

144 232 269 303 cupidius
289 232 404 288 insecuti
421 231 566 287 nonnullos
581 246 616 284 ex
635 230 691 284 suis
709 231 866 287 amiserunt.
903 233 945 288 At
960 232 1000 286 illi

74 335 79 345 ·
145 310 300 364 intermisso
319 309 408 378 spatio
419 306 640 377 imprudentibus
651 307 754 361 nostris
766 312 850 377 atque
862 309 1001 377 occupatis

81 385 88 396 “
144 384 174 438 in
194 386 345 439 munitione
357 388 509 438 castrorum
522 382 614 437 subito
625 398 656 437 se
667 398 703 437 ex
714 383 788 437 silvis
799 383 940 452 ejecervmt
951 384 1001 439 im-

144 464 267 530 petuque
285 461 314 514 in
330 476 378 514 eos
396 460 477 519 sacto,
495 459 542 529 qui
560 461 640 513 erant
658 457 687 512 in
703 460 822 514 statione
838 476 889 529 pro
903 462 1001 515 castris

145 536 275 601 collocati,
299 536 400 590 scriter
423 538 622 605 pugnaverunt,
643 533 806 603 duabusque
829 535 920 590 missis
938 537 1001 591 snb

145 610 215 664 sidio
234 611 391 666 cohortibus
407 627 424 664 a
439 606 669 679 eaesaresatque
689 611 723 664 iis
743 611 839 680 primis
859 611 999 679 legionum

145 685 269 754 duarum,
278 701 363 756 quum
371 687 424 740 hae
432 687 583 755 perexiguo
594 686 749 740 intermisso
760 687 813 741 loci
825 687 914 754 spatio
926 687 1001 741 inter

146 776 176 815 se
191 763 383 828 constitissent,
396 777 467 816 novo
483 777 585 830 genere
599 778 706 831 pugnae
719 762 875 831 perterritis
890 764 999 832 nostris,

34 867 36 872 .
144 852 195 905 per
205 837 309 891 medios
321 837 500 891 audacissime
511 841 703 906 perruperunt,
718 854 803 907 seque
818 837 883 891 inde
899 837 1000 893 incolu-

145 928 205 966 mes
224 916 393 981 receperunt.
429 913 470 966 Eo
490 912 537 966 die
557 912 589 976 Q.
610 911 744 967 Laberius
763 914 855 966 Durus
874 913 999 967 tribunus

145 987 262 1041 militum
282 988 453 1044 interficitur.
489 987 535 1042 Illi
547 987 671 1056 pluribus
686 988 828 1042 submissis
841 988 1000 1042 cohortibus

145 1062 324 1132 repelluntur.

199 1143 240 1194 16.
274 1137 342 1193 Toto
354 1137 445 1193 hocin
456 1155 559 1208 genere
569 1155 677 1208 pugnae
689 1154 774 1208 quum
786 1138 838 1193 snb
850 1138 934 1193 oculis
942 1155 999 1194 om·

144 1212 221 1267 nium
232 1228 264 1270 ac
275 1230 325 1281 pro
341 1215 437 1274 castris
453 1215 638 1282 dimicaretur,
650 1214 821 1268 intellectum
837 1217 881 1269 est
889 1218 999 1269 nostros

144 1291 260 1358 propter
276 1290 440 1358 gravitatem
462 1305 608 1358 armorum,
626 1290 701 1359 quod
724 1305 813 1358 neque
830 1288 890 1343 inse
928 1289 938 1342 i
955 1306 999 1344 ce—

145 1362 243 1419 dentes
271 1369 383 1434 possent
404 1381 494 1435 neque
518 1365 554 1419 ab
578 1366 664 1433 signis
687 1365 829 1419 discedere
856 1367 927 1419 aude
977 1369 1024 1472 tq

17 1393 111 1566 d
145 1440 234 1495 minus
257 1444 336 1510 aptos
363 1457 424 1495 esse
447 1442 484 1495 ad
507 1442 590 1509 hujus
613 1442 722 1509 generis
750 1441 864 1510 hostem,
888 1437 953 1510 equi
1026 1473 1035 1490 ·

131 1511 237 1586 faudem
255 1533 353 1584 magno
369 1532 431 1571 cum
447 1516 569 1586 periculo
586 1516 689 1583 proelio
705 1517 841 1585 dimicare,
853 1518 951 1586 propte
1019 1583 1024 1588 Ι

48 1583 123 1751 s
145 1591 219 1658 quod
235 1592 275 1645 illi
291 1593 375 1646 etiam
392 1592 515 1645 consulto
533 1591 696 1660 plerumque
711 1592 849 1660 cederent,
865 1595 895 1645 et
913 1607 997 1659 quum

144 1667 254 1733 paulum
266 1667 303 1721 ab
311 1667 462 1736 legionibus
473 1670 583 1722 nostros
594 1667 779 1736 removissent,
786 1684 821 1721 ex
833 1666 937 1721 essedis
950 1666 998 1721 de·

8 1729 10 1742 ’
144 1741 251 1797 sitirent
263 1747 292 1799 et
303 1743 420 1813 pedibus
432 1743 535 1812 dispari
546 1743 650 1812 proelio
660 1743 864 1798 contenderent.
876 1727 998 1815 Eques·

144 1818 198 1871 tris
208 1821 302 1873 autem
314 1819 410 1888 proelii
425 1819 496 1873 ratio
512 1822 542 1873 et
559 1818 721 1873 cedentibus
740 1821 770 1873 et
790 1817 997 1888 insequentibus

144 1908 195 1958 par
206 1897 291 1963 atque
303 1894 377 1950 idem
389 1894 540 1963 periculum
552 1893 694 1948 inferebat.
731 1894 890 1948 Accedebat
900 1893 954 1948 huc
965 1895 997 1947 ut

144 1984 294 2038 numquam
310 1969 426 2024 conferti
442 1969 491 2023 sed
506 1969 562 2022 rari
577 1969 737 2037 magnisque
752 1969 902 2023 intervallis
918 1984 996 2037 proe-

144 2042 293 2113 liarentur‚:
302 2045 488 2113 stationesque
507 2044 655 2112 dispositas
670 2043 811 2111 haberent,
828 2047 914 2113 atquo
929 2043 997 2097 alios

144 2118 190 2172 alii
201 2118 329 2190 deinceps
339 2120 498 2188 exciperent
509 2119 665 2188 integrique
676 2122 706 2173 et
721 2123 847 2173 recentes
862 2118 996 2187 defatiga-

144 2193 181 2247 tis
193 2195 378 2249 succederent

197 2273 237 2327 17.
274 2269 389 2325 Postero
405 2270 451 2325 die
466 2270 561 2340 procul
577 2286 595 2324 a
609 2270 707 2325 castris
725 2269 819 2324 hostes
836 2269 864 2323 in
883 2268 996 2323 collibus

144 2345 334 2411 constiterunt,
346 2346 456 2414 rarique
468 2362 498 2401 se
509 2346 655 2402 ostendere
667 2348 696 2399 et
712 2345 800 2399 lenius
812 2361 894 2414 quam
905 2344 996 2415 pridie

144 2422 252 2474 nostros
267 2421 375 2489 equites
385 2421 488 2490 proelio
503 2421 638 2477 lacessere
654 2424 808 2489 coeperunt.
844 2419 900 2475 Sed
915 2419 996 2474 meri-

144 2495 198 2560 die,
216 2512 300 2563 quum
316 2495 417 2552 Caesar
434 2497 582 2566 pabulandi
596 2513 678 2552 causa
695 2499 755 2550 tres
772 2496 892 2565 legiones
910 2500 995 2566 atque

143 2585 252 2626 omnem
269 2567 423 2640 equitatum
442 2588 504 2626 curn
522 2573 551 2627 0.
565 2572 698 2627 Trebonio
709 2572 800 2640 legato
811 2573 938 2640 misisset,
953 2590 997 2627 re-

143 2649 227 2715 pente
239 2662 273 2700 ex
285 2646 410 2700 omnibus
421 2648 547 2717 partibus
558 2649 595 2702 ad
606 2647 780 2717 pabvdatores
791 2649 996 2718 advolaverunt,

143 2721 182 2775 sic
192 2722 234 2774 nti
246 2720 282 2775 ab
297 2722 382 2791 signis
398 2722 604 2793 legionibusque
620 2740 674 2778 non
687 2723 863 2779 absisterent.
900 2726 996 2780 Nostri

142 2796 245 2850 acriter
264 2796 292 2851 in
313 2797 484 2869 eosimpetu
502 2800 575 2853 facto
597 2800 785 2870 reppulerunt,
803 2816 893 2870 neque
913 2802 996 2855 finem

142 2872 276 2940 sequendi
292 2874 416 2929 fecerunt
430 2875 520 2944 quoad
533 2874 656 2930 subsidio
670 2876 763 2931 confisi
779 2878 894 2945 equites,
911 2892 995 2945 quum

142 2951 206 3015 post
226 2963 256 3002 se
276 2949 397 3018 legiones
420 2951 553 3020 viderent,
573 2953 737 3022 praecipites
757 2952 850 3007 hostes
871 2955 994 3019 egerunt,

142 3039 295 3094 magnoque
307 3042 402 3080 eorum
413 3044 525 3083 numero
537 3028 689 3095 interfecto,
697 3044 786 3095 neque
798 3029 840 3080 sui
851 3026 995 3093 colligendi

142 3116 232 3169 neque
250 3102 417 3157 consistendi
436 3107 484 3158 aut
500 3120 534 3157 ex
553 3103 656 3158 essedis
674 3102 818 3156 desiliendi
836 3101 994 3155 facultatem

142 3175 287 3233 dedemnt.
324 3178 367 3232 Ex
378 3178 430 3232 hec
441 3178 505 3246 iuga
516 3180 641 3247 protinus
653 3193 723 3245 quae
734 3176 855 3244 undique
866 3175 995 3229 convene-
