2175 3409
69 116 116 162 leo
328 109 357 160 G.
376 110 477 159 JULII
494 107 668 157 CAESARIS

67 195 151 261 agant
162 192 321 247 consulunt:
334 190 457 245 locorum
468 189 573 258 peritos
587 187 719 242 adhibent
729 208 735 242 :
747 188 783 241 ab
792 189 835 241 his
844 205 924 257 supea

67 270 171 322 riorum
180 271 332 322 castrorum
342 267 411 320 situs
424 266 643 333 munitionesque
652 268 824 331 cognoscunt.
854 265 923 319 Erat

67 361 85 399 a
105 343 346 413 septemtrionibus
366 343 449 410 collis,
468 358 551 410 quern
571 343 687 409 propter
706 340 923 408 magnitudinem

68 422 198 475 circuitus
209 436 293 490 opere
304 418 490 487 circumplecti
502 434 556 471 non
568 420 715 486 potuerant
726 418 821 483 nostri,
830 433 923 471 neces·

68 498 193 565 serioque
205 512 293 564 paene
305 494 399 564 iniquo
407 494 467 548 loeo
481 496 511 548 et
522 494 624 548 leniter
635 493 734 547 declivi
747 498 838 547 eastra
852 493 923 547 fece·
1028 518 1030 521 ·

67 575 139 626 runt.
175 571 253 626 Haec
263 572 293 626 C.
302 570 441 626 Antistius
451 570 573 638 Reginus
586 574 615 623 et
625 570 655 624 C.
666 569 795 642 Caninius
809 568 923 627 Rebilus

67 649 151 717 legati
163 664 225 702 curn
241 647 349 703 duabus
361 646 514 715 legionibus
528 645 696 701 obtinebant.
733 646 857 713 Cognitis
868 662 923 714 per

67 725 254 793 exploratores
268 724 425 793 regionibus
441 723 525 777 disces
540 722 660 776 hostium
674 738 710 776 nx
723 722 796 775 milia
808 722 922 775 exomni
1035 723 1044 734 '

66 816 181 856 numere
188 801 412 869 deligunteanmr
424 801 567 855 civitatum
580 816 651 868 quse
658 800 805 852 maximam
812 780 922 853 i’irtutis

66 877 221 947 opinionem
245 875 400 943 habebant,
424 876 498 946 qnid.
511 892 622 945 quoqne
641 879 723 943 pacto
747 875 790 944 agi
814 875 923 944 placcat

66 954 173 1009 occulte
185 954 258 1008 inter
274 969 304 1007 se
318 953 505 1017 constituunt3
519 950 639 1011 adeundi
654 956 764 1021 tempus
778 952 922 1017 deliniunt,

67 1047 152 1099 quum
163 1030 502 1086 meridiesesserideatur.
527 1028 581 1082 llis
590 1027 675 1097 copiis
685 1028 922 1096 Vergasillaunum

67 1109 232 1174 Arvernum,
243 1123 328 1160 unum
340 1123 376 1164 ex
390 1109 510 1176 quatuor
521 1104 645 1171 ducibus,
657 1105 840 1178 propinquum
853 1105 923 1158 Ver·

66 1183 250 1252 cingetorigis,
268 1183 439 1256 praeficiunt.
475 1181 527 1235 ille
548 1197 583 1234 ex
607 1181 705 1235 castris
725 1181 814 1251 prima
830 1181 923 1249 vigilia

66 1275 200 1328 egressus,
212 1275 299 1328 prope
309 1260 432 1314 contecto
444 1258 496 1312 sub
507 1257 596 1311 lucem
607 1258 713 1323 itinere,
726 1260 789 1327 post
800 1262 922 1311 montem

66 1351 96 1389 se
108 1335 255 1391 occultavit
267 1334 425 1405 militesque
436 1351 471 1388 ex
483 1336 616 1387 nocturno
628 1333 722 1387 labere
734 1350 795 1388 sese
809 1334 923 1388 reticere

60 1410 154 1479 jussit.
191 1410 347 1478 Quumjam
356 1410 486 1467 meridies
495 1409 717 1480 appropinquare
725 1410 922 1476 videretnr‚ad

66 1502 100 1540 ea
122 1490 214 1541 castra
237 1503 309 1555 quae
329 1501 413 1554 supra
435 1485 683 1540 demonstravimus
707 1485 856 1550 contendit,
877 1502 923 1540 ee

67 1563 186 1629 demque
204 1565 330 1631 ternpore
348 1562 490 1632 equitatus
509 1562 545 1615 ad
569 1566 737 1630 campestres
757 1563 923 1616 munitiones

65 1637 198 1692 accedere
216 1641 246 1691 et
263 1637 386 1707 reliquae
403 1639 498 1707 copiae
516 1654 578 1696 sese
595 1653 646 1706 pro
659 1638 757 1691 castris
774 1638 923 1693 ostendere

66 1715 224 1782 coeperunt.
812 1763 814 1766 ,

119 1795 161 1844 84.
174 1788 390 1857 ,Vercingetorix
407 1806 442 1843 ex
459 1806 522 1845 arce
541 1789 653 1845 Alesiae
671 1807 735 1845 snos
750 1791 923 1861 conspicatus

66 1882 101 1920 ex
113 1863 215 1935 oppido
227 1864 381 1934 egreditur3
398 1866 521 1920 acastris
529 1866 676 1934 longurios,
686 1867 829 1935 musculos,
837 1867 923 1921 falces

66 1942 227 2012 reliquaque
250 1957 321 2010 quae
355 1942 506 2011 eruptionis
535 1958 617 2010 causa
640 1946 786 2011 paraverat
807 1944 921 2013 profert,

68 2018 210 2088 Pugnatur
233 2034 287 2072 une
308 2021 432 2087 tempore
457 2017 583 2072 omnibus
603 2018 670 2078 locis
690 2017 822 2089 [acriter]‚
837 2023 923 2087 atque

66 2096 157 2149 omnia
169 2097 326 2149 tentantur:
338 2110 409 2162 quae
427 2094 539 2148 minime
559 2095 617 2148 visa
634 2111 699 2163 pars
714 2095 795 2149 firma
808 2100 858 2163 est,
869 2095 923 2149 hue

67 2173 245 2226 concurritur.
280 2170 464 2225 Romanorum
492 2187 589 2224 manus
614 2172 701 2225 tantis
725 2171 922 2226 munitionibus

68 2247 223 2314 distinetur,
242 2263 293 2301 nec
310 2247 390 2301 facile
411 2247 536 2315 pluribus
553 2246 620 2301 locis
641 2248 766 2301 occurrit.
803 2248 922 2302 Multum

68 2323 104 2377 ad
116 2323 261 2378 terrendos
272 2326 381 2377 nostres
393 2323 466 2378 valet
478 2323 587 2390 clamor,
599 2323 647 2391 qui
658 2327 722 2393 post
733 2331 842 2392 tergum
854 2341 922 2393 pug-

67 2400 196 2454 nantibus
209 2399 326 2467 exstitit,
340 2399 414 2468 qued
426 2416 505 2453 suum
519 2400 670 2467 periculum
684 2401 711 2454 in
724 2399 813 2455 aliena
826 2400 923 2454 rident

67 2476 170 2530 virtute
183 2479 336 2530 constare:
357 2475 448 2530 emnia
464 2476 537 2531 enim
555 2476 717 2545 plerumque
734 2492 806 2546 quae
823 2476 923 2530 absunt

67 2551 258 2606 vehementius
269 2551 411 2605 hominum
422 2556 529 2607 mentes
541 2553 714 2621 perturbant.

121 2627 162 2676 85.
199 2620 302 2675 Caesar
317 2620 447 2675 idoneum
460 2621 551 2676 lecum
567 2625 671 2688 nactus,
685 2623 754 2691 quid
770 2639 879 2692 quaque
893 2622 923 2677 in

67 2701 148 2765 parte
159 2700 272 2765 geratur
281 2698 426 2766 cognoscit,
435 2697 625 2753 laborantibus
634 2700 763 2754 auxilium
774 2700 921 2754 submittit.

68 2772 204 2840 Utrisque
218 2773 255 2826 ad
273 2773 394 2828 animum
411 2775 530 2829 occurrit
547 2791 631 2828 unum
649 2775 718 2829 illud
735 2793 797 2830 esse
812 2779 924 2845 tempus

69 2863 123 2912 quo
135 2848 254 2901 maxime
265 2850 394 2902 contendi
403 2851 554 2905 conveniat.
591 2851 670 2919 Gelli,
679 2852 731 2905 nisi
740 2852 924 2921 perfregerint

68 2920 241 2985 munitiones,
257 2923 293 2976 de
307 2925 381 2976 omni
397 2924 486 2980 salute
502 2926 666 2995 demerent:
683 2928 808 2997 Romani,
825 2930 848 2983 si
863 2945 923 2983 rem

70 2991 248 3061 obtinuerint,
256 2996 338 3049 linem
347 2996 777 3072 laborumomniumexspectant.
802 3004 923 3059 Maxime

70 3063 106 3147 ad
118 3067 272 3130 superiores
283 3070 448 3127 munitiones
460 3074 608 3144 laboratur,
620 3095 675 3147 quo
685 3080 923 3147 Vergasillaunum

70 3148 182 3189 missum
191 3139 447 3203 demonstravimus.
481 3151 616 3220 Exiguum
627 3155 678 3209 loci
686 3155 723 3210 ad
735 3155 922 3211 declivitatem
