2175 3409
260 5 264 36 l

82 116 127 167 132
345 121 373 168 Ο.
392 118 491 168 JULlI
509 118 681 166 CAESARIS

81 197 201 269 hostium
212 216 301 268 paene
315 200 494 267 contingeret,
513 203 542 253 et
561 198 662 253 Caesar
679 198 716 251 ad
733 215 802 265 opus
819 213 931 250 consue-

80 273 176 328 tudine
186 274 334 329 excubaret
341 275 497 344 militesque
507 275 705 341 cohortaretur,
712 290 748 327 ne
763 273 838 342 quod
847 273 932 326 omni-

80 367 115 404 no
128 354 238 420 tempus
247 351 285 405 ab
294 368 376 420 opere
391 351 629 417 intermitteretur,
645 349 736 418 paullo
744 354 810 403 ante
821 349 932 402 tertiam

80 426 200 493 vigiliam
213 431 256 482 est
268 428 486 482 animadversum
499 427 606 480 fumare
617 441 745 494 aggerem
762 441 844 494 quem
859 425 932 478 cuni-

80 502 141 556 culo
171 502 266 557 hostes
297 504 508 559 succenderant:
535 502 687 569 eodemque
717 504 842 569 tempore
872 503 932 553 toto

81 595 159 632 mmo
178 579 296 634 elamore
316 579 423 634 sublato
438 579 546 632 duabus
560 579 647 647 portis
662 578 697 632 ab
714 581 832 646 utroque
845 577 932 630 latere

81 654 206 710 turrium,
216 657 332 725 eruptio-
341 655 431 710 fiebat.
469 656 527 709 Alii
544 654 618 709 faces
630 660 714 723 atque
726 653 832 707 aridam
847 655 933 705 mate

81 731 150 785 riem
163 732 199 786 de
211 749 290 786 muro
301 733 329 785 in
338 748 469 801 vaggerem
481 731 586 785 eminus
599 730 747 799 jaciebant,
765 729 852 797 picem
872 727 933 781 reli·

82 824 205 876 quasque
221 825 267 862 res
283 807 383 877 quibus
398 809 469 876 ignis
485 807 600 861 excitari
617 807 711 876 potest
728 805 889 871 fundebant,
901 806 933 856 ut

82 884 269 953 quo'pn'mum
284 888 473 939 occurreretur
487 886 535 937 aut
550 883 594 937 cui
610 882 651 935 rei
666 882 788 935 terretur
801 880 932 956 annilium

82 960 128 1013 vix
143 960 214 1014 ratio
232 961 295 1014 iniri
313 964 413 1029 posset.
450 960 560 1025 Tamen,
573 958 646 1027 quod
664 957 791 1011 instituto
810 955 933 1010 Caesaris

18 1045 27 1060 ·
83 1036 154 1091 duae
166 1053 274 1106 semper
287 1038 408 1106 legiones
419 1053 470 1106 pro
481 1033 771 1100 castrisencubabant,
786 1033 933 1101 pluresque

14 3301 71 3373 λ

82 1113 193 1182 partitis
205 1114 376 1182 temporibus
387 1115 467 1166 erant
478 1112 507 1166 in
513 1127 611 1180 opere,
625 1107 753 1164 celeriter
769 1110 873 1162 factum
890 1109 934 1160 est

83 1192 116 1243 ut
136 1189 182 1243 alii
199 1189 389 1258 eruptionibus
409 1186 578 1253 resisterent,
601 1186 646 1240 alii
664 1190 759 1239 turres·
770 1184 934 1238 reducerent

84 1280 268 1333 aggeremque
284 1264 521 1327 interscinderent,
534 1263 623 1316 omnis
634 1278 699 1315 vero
711 1279 746 1315 ex
758 1260 856 1314 castris
866 1257 934 1311 mul-

84 1341 176 1395 titudo
189 1341 226 1395 ad
240 1340 466 1409 restinguendum
481 1341 665 1392 concurreret.

129 1422 179 1472 25.
215 1416 305 1481 Quum
317 1417 345 1470 in
358 1415 482 1470 omnihus
497 1414 564 1468 locis
578 1416 739 1482 consumpta
753 1412 813 1481 jam
827 1412 935 1479 reliqua

85 1493 267 1561 partenoctis
284 1496 460 1560 pugnaretur,
479 1507 642 1560 semperque
659 1489 784 1543 hostibus
801 1504 865 1557 spes
881 1487 935 1541 vic-

85 1568 172 1621 toriae
189 1568 433 1636 redintegraretur,
451 1584 483 1620 eo
500 1568 593 1635 magis
605 1566 680 1635 quod
697 1566 809 1619 deustos
827 1565 935 1633 pluteos
1006 1565 1017 1580 ‘⁴

85 1643 204 1700 turrium
219 1643 363 1710 ridebant,
384 1660 435 1696 nec
452 1643 532 1696 facile
553 1643 630 1696 adire
651 1646 761 1712 apertos
782 1641 819 1695 ad
842 1640 936 1693 auxili·

87 1716 188 1771 andum
207 1718 471 1786 animadvertebant,
495 1734 658 1787 semperque
676 1718 730 1787 ipsi
746 1720 871 1771 recentes
890 1714 937 1769 de

85 1794 372 1861 fessissuccederent,
386 1801 554 1863 'omnemque
574 1794 680 1847 Galliae
696 1793 816 1847 sautem
838 1793 867 1845 in
889 1791 936 1844 illo

86 1868 202 1937 vestigio
221 1870 354 1939 temporis
365 1870 482 1940 positam
495 1869 705 1935 arbitrarentur,
717 1869 816 1923 accidit
830 1869 937 1937 iuspec-

87 1945 211 2000 tan'tihus
233 1945 313 1999 nobis
334 1946 408 2015 quod
427 1945 539 2014 dignum
558 1945 689 1998 memoria
707 1946 795 1998 visum
815 1947 938 2014 practer-

86 2021 253 2075 mittendum
274 2038 328 2075 non
351 2021 572 2076 existimavimus.
608 2021 726 2086 Quidam
746 2024 809 2074 ante
828 2023 936 2089 portam

87 2097 182 2167 oppidi
202 2097 304 2166 Gallus,
328 2098 376 2167 qui
398 2115 449 2168 per
472 2100 569 2151 manus
593 2098 650 2151 seri
674 2113 707 2152 ac
730 2096 798 2166 picis
819 2095 938 2150 traditas

87 2173 182 2241 glebas
196 2173 224 2227 in
240 2174 332 2241 ignem
349 2190 365 2228 e
383 2174 494 2242 regione
512 2173 598 2227 turris
617 2172 788 2241 projiciebat,
798 2172 938 2240 scorpione

88 2249 123 2302 ab
146 2250 234 2306 htere
248 2249 356 2308 dextro
379 2248 546 2317 transjectus
569 2248 794 2318 exanimatusque
811 2246 936 2302 concidit

90 2326 172 2381 Hunc
187 2343 222 2380 ex
240 2326 462 2394 proximisunus
476 2324 615 2393 jacentem
635 2329 823 2394 transgressus
841 2323 938 2378 eodem

88 2401 135 2456 illo
147 2418 261 2456 munere
277 2400 456 2470 fungebatur:
472 2400 571 2455 eadem
588 2402 695 2455 ratione
713 2402 771 2455 ictu
791 2400 939 2468 scorpionis

89 2479 243 2533 exanimato
262 2478 350 2531 altero
373 2478 503 2532 successit
525 2477 680 2531 tertiaeet
703 2477 788 2531 tertio
809 2480 940 2546 quartum

90 2571 140 2608 nec
159 2554 235 2623 prius
257 2553 303 2607 ille
324 2556 367 2607 est
390 2570 407 2607 a
429 2552 679 2622 propugnatoribus
702 2568 805 2606 vacuus
827 2553 959 2607 relictus.

88 2631 163 2683 locus
191 2645 274 2699 quam
300 2628 432 2684 restincto
457 2644 558 2698 aggere
582 2632 666 2697 atque
689 2628 762 2684 omni
781 2627 840 2698 [ex]
859 2631 939 2698 parte

90 2705 222 2759 submotis
233 2704 357 2759 hostibus
368 2705 431 2758 finis
443 2712 487 2759 cst
497 2705 636 2773 pugnandi
648 2705 743 2760 factus.

142 2786 183 2835 26.
218 2780 317 2833 Omnia
328 2781 436 2848 experti
449 2779 529 2848 Galli,
543 2780 618 2848 quod
626 2797 671 2835 res
680 2782 755 2836 nulla
764 2784 940 2850 successerat,

89 2859 200 2923 postero
221 2856 267 2909 die
290 2856 432 2909 consilium
448 2860 581 2925 ceperunt
604 2873 639 2911 ex
662 2857 764 2927 oppido
778 2857 941 2927 profugere,

90 2929 219 2983 hortante
231 2933 261 2984 et
267 2930 385 2997 jubente
401 2932 636 3001 Vercingetorige.
673 2933 709 2986 Id
726 2933 835 2987 silentio
852 2933 941 2987 noctis

91 3004 180 3055 conati
189 3020 246 3064 ‚non
257 3020 357 3072 magna
363 3005 474 3073 jactura
486 3023 597 3060 suorum
613 3024 673 3062 sese
689 3009 834 3062 effecturos
849 3024 942 3077 spora-

91 3076 167 3139 bont,
186 3082 333 3145 propterea
351 3080 426 3147 quod
448 3098 539 3149 neque
562 3081 650 3151 longe¹
667 3084 703 3137 ab
726 3082 838 3153 oppido¹
851 3087 943 3137 castra

94 3148 326 3222 Vercingetorigis
338 3153 460 3224 aberant,
472 3160 502 3210 et
519 3156 597 3223 palus
615 3163 751 3229 perpetua
768 3175 839 3228 quae
856 3159 954 3215 intera:
