2175 3409
498 122 611 172 LIBER
628 123 662 171 V.
980 124 1012 172 89

160 221 256 259 eorum
266 208 327 259 tota
338 206 398 258 acie
412 206 593 273 pronunciare
603 204 748 271 jusserrmt
764 202 790 255 N
792 219 809 257 e
825 202 887 271 quis
903 201 939 256 ab
954 201 1014 255 loeo

160 280 331 346 discederet;
347 280 456 334 illorum
473 298 534 336 csse
551 279 690 349 praedam,
708 282 793 346 atque
810 279 864 332 illis
879 279 1014 333 reservari

2 357 5 385 ⁵
109 390 111 394 -
160 372 359 424 quaecumque>
377 356 492 410 Romani
514 356 706 424 reliquissent,
729 354 845 422 proinde
868 354 958 407 omnia
984 353 1013 407 in

160 432 274 485 victoria
293 431 381 499 posita
404 433 600 486 existimarent.
636 431 723 483 lirant
741 433 771 483 et
789 430 893 483 virtute
913 432 944 484 et
964 447 1013 484 nn-

160 522 236 560 mero
247 506 395 575 pugnaudo
406 523 488 576 pares
496 508 591 561 nostri.
626 506 729 559 'lamen
745 505 797 559 etsi
813 505 849 558 ab
866 506 935 560 duce
951 510 981 561 et
997 524 1015 562 a

160 582 270 636 fortuma
282 582 486 651 deserebantur,
499 588 592 637 tamen
604 597 711 635 omnem
722 597 799 649 spem
812 581 907 636 salutis
919 583 947 636 in
959 583 1014 637 vir-

160 661 221 712 tute
239 657 386 727 ponebant,
403 662 432 714 et
450 658 559 728 quoties
574 674 700 726 quaeque
716 657 812 711 cohors
829 663 1013 727 procurreret,

160 733 196 787 ab
208 750 242 787 ea
253 738 332 803 parte
342 751 457 803 magnus
469 749 599 789 numerus
610 734 730 787 hostium
742 733 866 787 cadebat.
904 734 965 799 Qua
981 752 1013 789 re

160 809 348 864 animadversa
360 809 505 863 Ambiorix
517 809 689 878 pronunciari
703 808 794 877 jubet,
806 814 838 863 ut
849 811 944 878 procul
956 811 1013 866 tela

160 885 307 952 conjiciant
323 901 375 939 neu
397 886 508 955 propius
531 885 670 950 accedant,
694 888 723 937 et
746 901 829 954 quam
853 886 882 939 in
905 890 1012 955 partem
1086 929 1087 936 ,

161 959 276 1013 Romani
288 961 422 1028 impetum
435 960 550 1015 fecerint
566 961 681 1025 cedant;
695 960 810 1015 levitate
826 978 965 1015 armorum
983 965 1013 1014 et

159 1035 319 1102 quotidiana
331 1037 525 1090 exercitatione
535 1036 604 1089 nihil
616 1036 651 1089 iis
661 1036 753 1090 noceri
766 1052 861 1105 posse;
875 1052 971 1090 rursus
982 1052 1013 1089 se
1086 1044 1087 1048 ’

160 1111 197 1164 ad
209 1112 287 1178 signa
295 1111 461 1179 recipientes
472 1112 657 1181 insequantur.

165 1229 168 1233 Α
212 1191 254 1240 35.
290 1186 350 1252 Quo
367 1190 513 1257 praecepto
531 1187 567 1241 ab
580 1187 617 1240 iis
633 1185 842 1254 diligentissime
857 1186 1010 1254 obsemto,

160 1276 244 1329 quum
257 1261 400 1330 quaepiam
412 1263 509 1316 cohors
525 1279 560 1317 ex
576 1261 644 1316 orbe
659 1265 814 1316 excesserat
829 1265 914 1330 atque
930 1262 1014 1329 impe

159 1346 219 1389 tum
242 1336 352 1402 fecerat,
373 1337 468 1391 hostes
489 1336 658 1391 velocissime
678 1336 859 1404 refugiebant.
895 1335 1011 1389 Interim

159 1427 220 1466 eam
232 1415 340 1480 partem
351 1413 451 1466 nudari
462 1428 574 1467 necesse
586 1414 647 1466 erat
658 1414 688 1465 et
699 1411 735 1465 ab
746 1412 833 1465 latere
849 1415 945 1479 aperto
957 1412 1014 1465 tela

159 1487 250 1556 recipi.
287 1488 392 1541 Rursus
403 1505 488 1556 quum
500 1488 528 1541 in
540 1504 603 1542 eum
618 1487 707 1542 locum
723 1486 797 1541 unde
814 1492 893 1542 erant
909 1489 1013 1555 egressi

160 1563 262 1617 reverti
278 1570 432 1632 coeperant,
444 1567 474 1618 et
490 1564 525 1617 ab
541 1563 575 1618 iis
593 1564 640 1632 qui
658 1572 797 1617 cesserant
814 1566 843 1617 et
860 1562 895 1616 ab
912 1564 947 1616 iis
965 1565 1013 1632 qui

159 1639 276 1706 proximi
293 1641 429 1694 steterant
444 1638 738 1704 circumveniebantur,
757 1640 799 1692 sin
815 1643 908 1694 autem
923 1639 1012 1693 locum

159 1718 254 1769 tenere
267 1716 376 1782 vellent,
389 1731 440 1770 nec
451 1715 548 1770 virtuti
560 1715 634 1769 locus
649 1715 857 1783 relinquebatur
872 1732 962 1784 neque
977 1715 1013 1769 ab

160 1793 238 1845 tanta
250 1791 427 1845 multitudine
438 1791 562 1859 conjecta
573 1790 629 1845 tela
641 1791 756 1845 conferti
772 1792 860 1844 m'tare
875 1794 1012 1860 poterant.

160 1866 261 1920 'lamen
286 1870 329 1921 tot
352 1866 530 1921 incommodis
547 1866 708 1922 ‘conflictati
733 1866 828 1920 multis
854 1866 1012 1921 vulneribus

159 1939 469 2009 acceptis'resistebaut,
489 1942 518 1996 et
541 1958 642 2010 magna
667 1945 747 2010 parte
773 1941 828 1996 diei
852 1945 1013 2012 consumpta

159 2034 243 2086 quum
255 2034 272 2071 a
282 2016 371 2086 prima
382 2018 443 2071 luce
454 2019 493 2078 ad
502 2019 596 2072 horam
606 2033 662 2072 vm
673 2022 848 2087 pugnaretur,
856 2018 924 2071 nihil
937 2019 1012 2086 quod

159 2092 225 2160 ipsis
237 2096 310 2146 essct
326 2093 468 2160 indignum
485 2093 701 2166 committebant.
737 2094 805 2146 'lum
818 2094 847 2146 Τ.
859 2092 1011 2156 Balventio,

159 2167 207 2236 qui
219 2168 360 2235 superiore
372 2184 442 2221 anno
453 2169 571 2236 primum
587 2169 673 2236 pilum
689 2168 814 2236 duxerat,
826 2169 885 2222 viro
901 2168 966 2222 forti
982 2172 1012 2223 et

118 2271 124 2283 .
159 2258 273 2310 magnae
289 2243 467 2309 auctoritatis,
484 2248 632 2312 utrumque
647 2243 737 2298 femur
752 2244 861 2311 tragula
876 2242 1011 2310 transjici-

159 2320 218 2372 tur:
240 2318 270 2382 Q.
290 2318 426 2371 Lucanius
444 2318 569 2386 ejusdem
587 2318 691 2373 ordinis
712 2319 858 2372 fortissime
879 2335 1011 2389 pugnans,

159 2392 225 2445 dum
248 2394 432 2448 circumvento
450 2393 515 2447 lilic'
528 2394 663 2460 subvenit,
680 2394 859 2449 interficitur:
879 2394 909 2449 L.
929 2394 1012 2448 Cotta

158 2469 266 2536 legatum
277 2485 372 2523 omnes
383 2470 508 2524 cohortes
524 2469 691 2539 ordinesque
706 2469 854 2524 adhortans
869 2470 898 2524 in
914 2469 1013 2524 adver·

158 2560 219 2598 sum
231 2560 261 2598 os
272 2544 358 2599 funda
369 2545 534 2599 vulneratur.

168 2666 173 2672 .
210 2625 254 2674 36.
290 2620 343 2674 His
359 2620 442 2674 rebus
457 2622 600 2689 permotus
617 2618 649 2684 Q.
664 2618 793 2685 Titurius,
810 2636 896 2689 quum
915 2621 1011 2689 procul

159 2693 349 2763 Ambiorigem
374 2712 436 2749 suos
453 2695 642 2750 cohortantem
665 2696 858 2763 conspexisset,
877 2697 1012 2765 interpre-

158 2772 215 2823 tem
228 2786 308 2823 suum
321 2770 371 2825 (ln.
382 2771 541 2841 Pompeium
554 2770 665 2824 adeum
676 2770 765 2824 mittit
777 2775 902 2840 rogatum
913 2777 946 2826 ut
958 2772 1011 2827 sihi

158 2844 347 2914 militibusque
358 2851 461 2915 parcat.
498 2847 550 2900 Ille
563 2846 715 2915 appellatus
726 2847 882 2915 respondit:
904 2845 932 2901 si
944 2848 1011 2902 velit

158 2936 250 2975 secum
264 2921 387 2991 colloqui,
403 2922 501 2988 licere;
517 2938 629 2991 sperare
645 2938 662 2975 a
676 2922 853 2977 multitudine
867 2923 1011 2992 impetrari

156 3012 237 3065 posse
249 2997 323 3066 quod
334 2997 371 3050 ed
382 2998 499 3053 militum
512 2999 629 3052 salutem
640 2999 792 3067 pertineat;
802 2998 855 3067 ipsi
867 3013 931 3051 vero
943 2996 1010 3050 nihil

158 3072 278 3126 nocitum
289 3073 332 3140 iri,
344 3075 426 3143 inque
438 3091 498 3129 eam
514 3091 573 3128 rem
590 3090 621 3128 se
637 3090 713 3127 snam
730 3073 813 3127 iidem
829 3074 1010 3140 interponere.

160 3148 211 3204 Ille
223 3165 285 3204 cum
298 3151 380 3205 Cotta
392 3150 483 3205 saucio
494 3150 682 3219 communicat,
695 3149 718 3204 si
730 3148 863 3213 videatur,
876 3151 967 3216 pugna
978 3148 1011 3199 nt
