2175 3409
455 105 566 154 LIBER
589 105 669 155 VIII.
959 114 1006 161 165

151 182 227 259 pacis
247 182 411 239 adducebat.
442 184 501 239 'Pali
519 186 674 241 conditione
695 189 836 258 proposita
857 189 1007 260 Bituriges,

152 277 236 329 quum
252 259 304 313 sibi
322 260 450 315 viderent
469 262 615 318 clementia
632 263 757 319 Caesaris
773 267 895 320 reditum
909 273 1006 337 patera

151 339 179 392 iu
200 336 260 405 ejus
277 337 433 406 amicitiam,
445 338 633 409 finitimasque
645 340 770 396 civitates
783 343 842 396 sine
851 343 907 398 ulla
918 361 1008 413 poena

152 414 261 469 dedisse
287 413 397 469 obsides
422 416 506 483 atque
528 416 557 470 in
581 415 665 470 fidem
689 420 815 487 receptas
838 435 907 488 esse,
932 420 1006 475 idem

151 493 283 545 fecerunt.

203 574 226 622 4.
263 567 363 621 Caesar
385 566 518 621 militibus
541 583 591 635 pro
608 570 688 621 tanto
704 567 798 623 labore
815 586 847 626 ac
864 571 1005 640 patientia,

151 645 199 714 qui
212 643 381 697 brumalibus
394 642 498 710 dicbus,
511 643 657 697 itineribus
673 644 845 714 difficillimis,
857 647 1005 715 frigoribus

151 722 337 787 intolerandis,
346 718 545 774 studiosissime
557 724 764 787 permanserant
776 722 804 774 in
813 722 915 790 labore,
924 726 1005 779 duce-

151 817 200 853 nos
215 801 364 867 sestertios,
377 796 582 853 centurionibus
598 812 622 850 11
637 798 713 851 milia
728 816 869 853 nummum
885 802 1005 869 praedae

151 878 258 931 nomine
270 876 448 931 condonanda
459 869 618 944 pollicetur,
633 875 838 944 legionibusque
850 877 879 930 in
891 877 1005 931 hiberna

151 954 272 1008 remissis
289 955 349 1023 ipse
367 971 397 1008 se
415 953 514 1022 recipit
528 951 574 1007 die
588 968 666 1006 xxxx
684 951 820 1007 Bibracte.
858 952 902 1007 Ibi
919 971 1003 1020 quum

147 1030 195 1098 jus
207 1030 320 1097 diceret,
334 1031 474 1098 Bituriges
486 1030 523 1083 ad
540 1045 603 1083 eum
619 1029 724 1097 legatos
740 1028 856 1083 mittunt
872 1030 1003 1084 auxilium

151 1106 268 1174 petitum
291 1110 387 1161 contra
410 1108 551 1172 Carnutes,
576 1121 644 1174 quos
665 1105 789 1159 intulisse
817 1104 919 1159 bellum
950 1106 1003 1161 sibi

146 1182 347 1250 querebantur.
383 1183 492 1246 Quare
509 1182 619 1249 cognita
635 1198 718 1250 quum
735 1196 790 1235 non
807 1182 923 1250 amplius
938 1200 957 1236 x
974 1190 1003 1237 et

150 1273 206 1311 rm
217 1258 316 1314 diesin
328 1258 448 1314 hibernis
459 1261 533 1312 esset
544 1262 733 1328 commoratus,
745 1257 865 1326 legiones
876 1273 925 1311 x1v
934 1262 964 1313 et
972 1274 1003 1312 vr

148 1350 184 1388 ex
202 1334 323 1389 hibernis
340 1334 376 1388 ab
392 1337 480 1389 Arare
496 1334 597 1401 educit,
615 1350 683 1403 quas
699 1333 739 1387 ibi
755 1334 899 1389 collocatas
916 1335 1002 1404 expli-

149 1411 254 1466 candae
277 1411 317 1465 rei
335 1410 530 1464 frumentariae
548 1426 630 1463 causa
648 1410 787 1479 superiore
805 1412 1001 1479 commentario

150 1486 367 1542 demonstratum
379 1490 428 1541 est.
466 1486 512 1540 Ita
522 1502 584 1539 cum
601 1484 707 1539 duabus
722 1484 874 1554 legionibus
889 1486 925 1541 ad
938 1504 1000 1556 por-

149 1564 302 1631 sequendos
314 1563 449 1618 Carnutes
460 1561 608 1630 proficiscit
641 1602 648 1616 .

201 1646 224 1693 5.
262 1638 351 1704 Quum
375 1640 447 1692 fania
468 1638 604 1692 exercitus
622 1637 659 1691 ad
677 1637 770 1693 hostes
788 1642 862 1693 esset
884 1640 998 1709 perlata,

148 1714 305 1770 calamItate
316 1719 469 1770 ceterorum
481 1713 558 1768 ducti
570 1714 713 1780 Carnutes,
723 1714 840 1769 desertis
851 1716 918 1769 vicis
926 1717 1001 1785 oppi-

149 1791 253 1860 disque,
266 1804 336 1859 quae
348 1789 506 1845 tolerandae
519 1790 616 1844 hiemis
628 1806 715 1854 carisa,
722 1791 879 1845 constitutis
887 1796 1002 1861 repente

149 1866 255 1934 exiguis
262 1866 298 1920 ad
308 1867 499 1921 necessitatem
507 1865 645 1933 aedificiis,
654 1865 816 1932 incolebant,
825 1869 921 1935 (nuper
928 1868 1000 1921 enim

149 1942 251 1997 devicti
265 1943 405 2011 complura
416 1941 517 2011 oppida
528 1941 694 2007 amiserant)
706 1940 822 2010 dispersi
834 1942 1000 2010 profugiunt.

150 2019 252 2074 Caesar
263 2021 439 2088 erumpentes
450 2034 484 2071 eo
495 2019 615 2072 maxime
630 2021 755 2085 tempore
771 2018 916 2071 acerrimas
931 2021 1001 2072 tem-

148 2098 271 2164 pestates
283 2111 367 2165 quum
380 2093 470 2148 subire
481 2093 583 2147 milites
594 2093 687 2159 nollet,
697 2092 725 2147 in
738 2092 838 2161 oppido
848 2093 999 2149 Carnutum

149 2171 261 2228 Cenabo
281 2175 372 2226 castra
394 2171 472 2239 ponit
495 2174 579 2239 atque
595 2169 624 2226 in
641 2172 716 2223 tecta
731 2168 833 2237 partim
851 2169 998 2237 Gallorum,

148 2248 249 2317 partim
266 2264 336 2315 quae
353 2246 485 2315 conjectis
502 2245 629 2300 celeriter
644 2244 803 2299 stramentis
818 2245 998 2300 tentoriorum

148 2322 359 2391 integendorum
370 2323 459 2391 gratia
471 2323 550 2376 erant
560 2320 741 2388 inaedificata,
752 2320 851 2375 milites
863 2323 997 2391 contegit:

148 2399 257 2470 equites
280 2403 373 2452 tamur
396 2401 426 2452 et
450 2396 605 2451 auxiliarios
623 2396 732 2465 pedites
748 2397 777 2449 in
795 2414 888 2452 omnes
905 2404 999 2468 partes

147 2475 236 2529 mittit
247 2491 432 2544 quascumque
443 2474 545 2543 petisse
562 2472 725 2527 dicebantur
740 2475 846 2530 hostes:
864 2493 915 2531 nec
930 2477 999 2531 frus-

147 2554 275 2618 tranans
291 2550 454 2619 plerumque
469 2566 569 2618 magna
583 2549 686 2617 praeda
704 2550 785 2618 potiti
803 2552 890 2606 nostri
908 2569 999 2607 rerer-

147 2630 252 2681 tuntur.
288 2627 418 2695 Oppressi
437 2627 571 2682 Carnutes
589 2624 686 2679 hiemis
707 2625 874 2694 difficultate,
893 2632 1000 2684 terrore

146 2703 268 2773 periculi,
277 2720 362 2772 quum
373 2703 454 2758 tectis
465 2702 571 2771 expulsi
583 2701 656 2755 nullo
668 2701 727 2756 loco
739 2703 842 2758 diutius
851 2706 998 2759 consistere

29 2781 33 2787 '
146 2780 289 2847 auderent,
306 2796 357 2834 neo
377 2780 506 2834 silvarum
525 2777 662 2848 praesidio
678 2779 890 2847 tempestatibus
909 2780 997 2834 duris-

146 2856 222 2910 simis
234 2857 292 2925 tegi
303 2859 422 2927 possent,
433 2855 549 2923 dispersi
560 2869 659 2921 magna
674 2858 754 2923 parte
771 2856 871 2910 amissa
887 2872 997 2926 suorum

146 2932 316 3002 dissipantur
326 2932 354 2986 in
367 2931 496 2986 finitimas
508 2931 640 2984 civitates.

199 3015 221 3063 6.
258 3010 358 3064 Caesar
373 3012 496 3076 tempore
514 3007 576 3060 anni
592 3005 750 3064 difficillimo
766 3022 849 3073 quum
867 3006 933 3060 satis
951 3005 999 3058 ha·

144 3084 225 3139 beret
248 3086 438 3139 convenientes
461 3100 557 3138 manus
581 3081 721 3149 dissipare,
739 3098 774 3135 ne
794 3082 867 3150 quod
890 3081 998 3137 initium

144 3161 211 3223 belli
225 3166 392 3231 nasceretur,
400 3164 587 3231 quantumque
594 3158 623 3211 in
630 3158 737 3221 ratipne
745 3163 819 3211 esset
826 3157 995 3223 exploratum

1009 3337 1081 3385 ,A
