2175 3409
493 98 606 148 LIBER
621 97 703 148 VIIL
980 98 1027 151 179

173 197 323 251 manesque
334 178 443 250 pedites
455 193 577 235 summae
588 176 744 234 velocitatis
752 175 879 252 ¹homines
889 176 927 232 ad
937 180 1029 232 eastra

173 258 294 313 hostium
310 254 480 325 praemittit:
492 255 551 324 ipse
563 254 699 322 legionem
710 270 793 316 uuam
807 254 836 307 in
851 253 925 307 trina
938 258 1030 309 castra

174 333 324 399 distribuit,
337 332 453 386 alteram
466 347 558 385 secum
570 329 730 399 expeditam
743 329 827 383 ducit.
864 330 954 395 Quum
965 347 1029 398 pro-

173 410 236 480 pius
247 409 340 462 hostes
352 406 518 473 accessisset,
528 405 564 458 ab
576 404 795 473 exploratoribus
803 422 872 475 quos
882 406 1029 478 praemise-

173 491 219 540 rat
234 484 372 552 cognoscit
388 485 478 536 castra
492 497 595 546 eorum,
608 485 641 534 ut
652 480 832 534 barbarorum
849 481 905 536 fert
919 497 1029 546 cousue-

174 561 251 628 tudo,
259 559 362 613 relictis
373 558 439 613 locis
451 557 635 626 superioribus
647 555 684 610 ad
695 557 769 626 ripas
781 557 900 610 fluminis
909 573 969 612 esse
981 557 1029 611 de-

174 637 272 702 missa;
287 637 318 688 at
329 635 480 689 Germanos
494 632 655 701 equitesque
670 632 889 700 imprudentibus
903 633 1029 687 omnibus

175 712 211 767 de
222 710 367 780 improviso
379 708 521 762 advolasse
530 711 561 762 ct
570 708 702 777 proelium
714 708 888 763 commisisse.
925 711 1029 776 Quare

175 789 284 855 cognita
294 786 429 854 legionem
446 787 579 839 armatam
593 784 810 853 instructamque
826 785 947 840 adducit.
984 786 1030 840 Ita

175 867 290 933 repente
307 861 433 916 omnibus
449 877 484 914 ex
500 859 625 929 partibus
641 860 718 927 signo
733 859 798 914 dato
814 860 873 915 loca
888 862 1029 930 superiora

176 939 328 1008 capiuntur.
363 936 443 1001 Quod
452 935 500 989 ubi
512 935 621 1001 accidit,
631 934 760 989 Germani
773 937 933 1006 equitesque
944 937 1028 1005 signis

177 1014 291 1081 legionis
316 1011 382 1066 visis
407 1010 645 1066 vehementissime
673 1012 859 1078 proeliantur:
886 1013 1028 1067 confestim

178 1089 304 1143 cohortes
319 1087 439 1155 undique
453 1087 588 1156 impetum
605 1086 717 1154 faciunt,
733 1086 911 1156 omnibusque
926 1091 975 1142 aut
988 1090 1029 1142 in-

178 1164 301 1219 terfectis
318 1167 366 1218 aut
383 1163 470 1231 captis
491 1178 591 1231 magna
607 1162 713 1231 praeda
729 1164 878 1231 potiuntur.
914 1163 1029 1233 Capitur

178 1241 238 1310 ipse
250 1255 283 1293 co
294 1239 399 1309 proelio
411 1239 544 1307 Drappes.

230 1319 273 1373 37.
307 1315 435 1370 Caninius
455 1313 612 1368 felicissime
632 1330 663 1368 re
682 1317 762 1382 gesta
782 1314 841 1369 sine
862 1315 919 1369 ullo
941 1331 1029 1384 paene

178 1391 273 1446 militis
284 1390 396 1444 vulnere
408 1389 444 1443 ad
455 1389 622 1443 obsidendos
638 1390 787 1457 oppidanos
799 1390 966 1457 revertitur3
981 1408 1029 1446 ex-

178 1471 314 1536 ternoque
331 1465 411 1521 hoste
423 1465 524 1533 deleto,
536 1464 615 1533 cujus
630 1466 728 1519 timore
740 1482 840 1533 augere
851 1467 987 1535 praesidia
998 1471 1029 1522 et

178 1542 328 1597 munitione
343 1540 493 1610 oppidanos
508 1540 678 1595 circumdare
693 1541 848 1611 prohibitus
864 1547 931 1609 erat,
946 1559 1029 1612 opera

178 1619 300 1686 undique
318 1617 436 1685 imperat
450 1616 644 1671 administrari
681 1617 766 1671 Venit
780 1618 877 1673 eodem
895 1635 956 1673 cum
973 1619 1029 1672 suis

179 1694 264 1762 copiis
281 1696 392 1761 postero
413 1692 459 1746 die
479 1691 509 1746 O.
528 1690 638 1760 Fabius,
655 1695 817 1762 partemque
834 1694 929 1764 oppidi
946 1695 1030 1748 sumit

180 1769 413 1823 adobsidendum.

232 1850 273 1899 38.
309 1843 411 1898 Caesar
423 1842 534 1896 interim
547 1841 585 1895 Μ.
605 1842 757 1896 Antonium
775 1846 948 1912 quaestorem
966 1861 1029 1899 cum

180 1919 338 1974 cohortibus
356 1933 395 1972 xv
418 1918 447 1971 in
466 1917 617 1972 Bellovacis
641 1918 780 1986 relinquit,
804 1935 839 1972 no
863 1935 917 1986 qua
934 1936 1029 1974 rursus

180 2012 312 2049 novorum
335 1994 510 2047 consiliorum
534 1992 571 2045 ad
595 1993 758 2061 capiendum
782 1993 885 2047 bellum
914 1993 1029 2049 facultas

181 2070 311 2136 daretur;
335 2070 395 2138 ipss
418 2068 538 2136 reliquas
562 2068 688 2123 civitates
712 2068 780 2136 adit,
804 2068 914 2123 obsides
936 2070 1029 2139 plures

181 2147 307 2216 imperat,
326 2146 455 2200 timentes
475 2144 594 2198 omnium
616 2145 720 2198 animos
737 2144 920 2199 consolatione
944 2149 1030 2200 sanat.

183 2223 273 2288 Quum
285 2223 314 2275 iu
326 2222 460 2276 Carnutes
471 2222 599 2289 venisset,
611 2237 727 2289 quorum
736 2219 869 2289 [consilio]
880 2220 1030 2277 incivitate

182 2298 322 2368 superiore
344 2296 538 2351 commentario
564 2297 665 2351 Caesar
682 2296 809 2368 exposuit
832 2296 941 2351 initium
963 2298 1030 2352 belli

182 2389 244 2428 esse
264 2376 362 2439 ortum,
384 2373 459 2441 quod
478 2373 623 2442 praecipue
642 2389 690 2427 eos
707 2375 821 2442 propter
839 2374 1030 2428 conscientiam

181 2450 249 2503 facti
260 2447 362 2503 timere'
369 2449 488 2502 animum
500 2447 672 2516 advertebat,
687 2465 742 2517 quo
759 2448 874 2504 celerius
891 2450 1030 2505 civitatem

182 2529 260 2580 metu
272 2524 408 2591 liberaret,
419 2524 570 2594 principem
583 2524 693 2579 sceleris
705 2524 777 2579 illius
791 2529 821 2580 et
836 2527 1030 2581 concitatorem

182 2601 248 2655 belli
268 2601 435 2655 Gutruatum
457 2600 494 2654 ad
516 2600 678 2670 supplicium
697 2600 834 2671 deposcit:
852 2602 907 2670 qui,
925 2603 978 2657 etsi
995 2619 1030 2656 ne

182 2677 287 2731 civibus
304 2676 416 2746 quidem
436 2675 492 2730 suis
514 2692 545 2730 se
568 2677 764 2745 committebat,
789 2681 881 2731 tamen
904 2678 1031 2732 celeriter

183 2753 303 2807 omnium
317 2768 383 2806 cura
401 2753 541 2821 quaesitus
559 2753 587 2806 in
604 2756 694 2807 castra
711 2753 880 2823 perducitur.
917 2754 1031 2822 Cogitur

182 2829 211 2882 in
223 2827 283 2896 ejus
294 2828 458 2897 supplicium
471 2827 571 2882 Caesar
583 2832 679 2883 contra
690 2833 817 2883 naturam
826 2845 903 2883 suam
911 2828 1031 2882 maximo

182 2904 301 2958 militum
313 2917 454 2970 concursu,
464 2905 511 2971 qui
529 2904 555 2958 ei
573 2904 664 2958 omnia
681 2904 801 2973 pericula
818 2908 847 2958 et
866 2904 1031 2958 detrimenta

182 2979 249 3033 belli
268 2980 297 3044 [a
315 2977 465 3047 Gutruato]
479 2982 593 3048 accepta
609 2980 774 3046 referebant,
788 2980 858 3033 adeo
873 2983 906 3033 ut
921 2979 1031 3033 verber-

182 3054 246 3109 ibus
258 3054 442 3108 exanimatum
454 3070 552 3123 corpus
564 3055 651 3109 securi
662 3055 801 3109 feriretur.

235 3135 277 3187 39.
313 3128 359 3186 lbi
374 3129 479 3185 crebris
494 3130 597 3186 litteris
615 3130 722 3186 Caninii
739 3131 771 3185 lit
788 3131 889 3185 certior
906 3145 977 3199 quae
995 3129 1031 3183 de
