2175 3409
471 116 584 164 muse
607 117 672 164 vu.
851 99 854 104 ’
957 122 1004 168 153

148 196 1006 266 stationesdispouebanturnequasubitoeruptiotieret:hoec

148 272 670 332 eedemnoetuexcubitoribusscfirmis
678 271 823 343 praesidiis
832 273 1005 330 tenebuntur.

202 357 245 411 70.
280 350 372 419 Opere
395 349 524 404 instituto
548 350 581 404 iit
604 351 732 418 equestre
754 348 898 417 proelium·
912 349 943 404 in
971 368 1005 406 ea

147 428 261 498 planitie
270 429 357 496 ‘quam
366 426 553 480 intermissam
564 425 678 479 collibus
694 439 730 478 111
741 425 960 494 milie'paesuum
976 427 1005 480 in

147 504 346 574 longitudinem
359 505 456 571 patere
469 519 552 571 supm
564 501 826 557 demonstravimus
852 503 965 568 Summo
977 505 1004 558 vi

148 581 184 636 eb
202 581 326 648 utrisque
343 577 528 632 contenditur.
564 577 765 632 Laboruntibus
783 580 884 633 nostris
902 579 1004 635 Caesar

149 658 300 712 Germanos
317 653 465 720 submittit,
483 652 658 723 legionesque
675 671 726 723 pro
745 655 843 710 castris
861 657 1004 710 constituit

149 750 184 787 ne
196 749 250 802 quo
262 731 353 785 subito
364 730 483 797 irruptio
494 729 529 783 ab
547 729 668 784 hostium
683 732 812 800 peditatu
827 732 884 786 fist.
920 732 1003 786 Prae·

149 808 219 862 sidio
231 808 366 877 legionum
379 805 476 859 addito
488 806 590 859 nostris
601 807 709 860 animus
720 810 850 876 augetur:
868 808 963 862 hostes
974 808 1002 861 iu

148 885 241 953 fugem
264 883 382 952 conjecti
405 899 435 936 se
459 881 511 951 ipsi
533 882 712 937 multitudine
737 883 892 953 impediunt
917 888 1002 953 utque

149 960 350 1030 angustioribus
361 959 450 1029 portis
461 958 565 1013 relictis
574 963 738 1013 euertuntur.
774 960 905 1026 Germani
914 962 1002 1013 acrius

148 1036 292 1106 usquead
313 1035 481 1089 munitiones
502 1040 661 1103 sequuntur.
698 1036 745 1089 Fit
767 1052 868 1104 magna
890 1036 1002 1091 caedes:

148 1112 272 1167 nonnulli
282 1111 385 1166 relictis
396 1110 476 1181 equis
487 1112 587 1165 fossum
600 1111 719 1166 transire
730 1115 760 1166 et
772 1112 916 1166 nuncetiam
929 1115 1003 1166 tran-

148 1189 281 1244 scendero
296 1191 434 1242 conantur.
472 1188 597 1241 Paullum
613 1188 735 1256 legiones
751 1188 854 1242 Caesar
869 1205 937 1257 quus
952 1204 1003 1257 pro

148 1264 220 1319 vallo
245 1265 425 1320 constitueret
450 1265 604 1333 promoveri
623 1264 713 1333 jubet.
750 1264 814 1318 Non
838 1265 929 1318 minus
955 1261 1004 1334 qui

119 1359 124 1370 *
148 1341 223 1395 intre
234 1340 398 1395 munitiones
409 1343 487 1395 erent
499 1340 571 1394 Galli
586 1340 800 1409 perturbentur3
816 1341 905 1396 veniri
920 1341 957 1395 sd
973 1359 1003 1395 se

148 1418 292 1475 confestim
316 1416 504 1471 existimantes
526 1415 564 1469 ad
584 1433 662 1470 arma
679 1418 863 1484 conclamant3
880 1419 1002 1472 nonnulli

148 1495 291 1563 perterriti
302 1494 330 1547 iu
342 1493 472 1563 oppidum
484 1492 648 1562 irrumpunt.
682 1494 894 1562 Vercingetorix-
908 1500 1003 1564 portus

144 1569 228 1640 jubet
250 1569 342 1625 claudi
364 1586 400 1623 ne
422 1572 513 1623 costra
535 1569 686 1626 nudentur.
721 1570 818 1624 Multis
843 1571 1003 1638 interiectis,

148 1645 333 1716 compluribus
345 1646 423 1715 equis
436 1646 530 1713 captis,
543 1646 673 1700 Gemmni
685 1663 745 1701 sese
757 1647 899 1716 recipiunt.

201 1727 243 1781 71.
279 1722 497 1790 Vercingetorix,
521 1722 682 1792 priusquam
704 1723 869 1778 munitiones
891 1724 1002 1781 ablio-

148 1800 236 1856 mauis
248 1800 432 1869 perficiantur,
445 1799 587 1852 consilium
599 1800 674 1868 capit
685 1816 792 1854 omnem
804 1800 840 1853 ab
854 1818 886 1855 se
898 1803 1004 1872 equita·

147 1879 209 1934 tum
224 1879 306 1930 noctu
320 1875 470 1929 dimittere.
505 1875 718 1930 Discedentibus
733 1875 853 1944 maudut,
869 1878 909 1931 Ut
925 1895 1002 1952 suum

148 1952 265 2021 quisque
278 1968 373 2007 comm
384 1952 525 2006 ciuitatem
537 1951 620 2006 adest
634 1968 783 2021 omnesque
800 1953 847 2021 qui
863 1970 914 2021 por
928 1959 1001 2007 seta-
1021 2005 1026 2015 ,

148 2031 206 2083 tom
224 2046 300 2083 arma
316 2029 390 2083 forre
408 2029 514 2097 possint
530 2028 567 2081 ud
582 2028 685 2083 bellum
701 2033 816 2097 cogunt3
834 2045 884 2082 sus
898 2030 926 2081 in
942 2030 1003 2083 iilos

145 2105 249 2159 merita
263 2104 392 2175 proponit
408 2104 618 2173 obtestaturque
632 2107 665 2160 ut
677 2121 742 2159 suae
754 2105 850 2159 solutis
868 2106 1002 2160 rationem

148 2180 276 2248 habeant,
292 2199 347 2237 neu
364 2197 394 2235 se
410 2181 447 2235 do
459 2181 595 2235 communi
610 2180 741 2235 libertate
755 2182 858 2249 optime
873 2181 1001 2235 meritum

148 2257 273 2312 hostibus
294 2258 323 2311 in
344 2256 493 2312 emeiatum
512 2256 630 2311 dedunt:
654 2258 729 2326 quod
747 2258 769 2311 si
787 2257 1003 2332 indiligentiores

148 2334 488 2400 suoriutmiliuhominum
496 2333 605 2387 delecta
614 2349 689 2387 mxx
698 2350 751 2387 unu
759 2350 851 2387 secum
858 2333 1003 2387 interitura

149 2409 335 2475 demonstrem
352 2411 459 2465 ratione
470 2410 539 2464 inito
551 2410 721 2464 frumentum
738 2426 768 2463 se
784 2409 884 2478 exigue
896 2410 1002 2463 dierum

150 2501 208 2539 xxx
227 2485 340 2552 habere,
360 2486 410 2539 sed
428 2486 520 2555 paullo
544 2486 628 2541 etism
651 2485 758 2555 longius
781 2487 900 2542 tolerare
923 2504 1003 2556 posse

148 2561 294 2632 parcendo.
331 2561 385 2616 His
396 2561 471 2616 detis
482 2562 627 2630 mendatis,
640 2579 694 2632 quo
706 2566 768 2617 erut
776 2562 924 2634 [nostrum]
935 2581 1004 2633 opus

148 2638 334 2692 intermissum
347 2637 469 2692 mouudu
478 2637 573 2707 vigilie
583 2638 694 2693 silentio
705 2639 859 2707 equitatum
872 2641 1004 2705 dimittit;

148 2714 318 2770 frumentum
329 2730 409 2768 omne
421 2713 458 2767 ud
471 2730 501 2768 se
514 2715 612 2769 referri
620 2714 703 2782 jubet
710 2735 717 2780 ;
736 2716 833 2784 cepitis
843 2733 959 2786 poenam
970 2717 1005 2770 iis

149 2792 198 2860 qui
215 2808 270 2845 non
289 2791 433 2861 pemeriut
450 2792 607 2857 eonstituit;
624 2807 716 2860 pecus,
733 2792 812 2861 cujus
828 2788 928 2862 magns¹
943 2797 1004 2848 erat

148 2866 184 2921 ub
199 2868 358 2922 Mandubiis
381 2867 519 2935 compulsa
543 2867 628 2935 copis,
647 2868 751 2921 viritim
775 2867 931 2935 distribuit3
947 2870 1005 2923 fru-

148 2948 273 2998 mentum
285 2960 368 3012 parce
376 2948 405 2997 et
412 2942 555 3012 paullatim
562 2943 654 2997 metiri
661 2943 796 3008 instituit;
807 2945 899 3012 copies
910 2960 1004 2999 omnes

149 3037 277 3089 qusspro
289 3019 391 3089 oppido
409 3018 591 3073 coliomverat
610 3019 637 3071 in
656 3020 787 3087 oppidum
813 3021 918 3088 recipit.
950 3020 1004 3072 His

148 3095 301 3151 rationibus
316 3094 417 3150 auxilie
430 3094 536 3154 Galliae
547 3098 709 3164 exspectare
720 3097 750 3148 et
762 3094 866 3148 bellum
875 3094 1004 3148 adminis-

149 3178 225 3228 trare
239 3175 328 3243 parat.

1014 3312 1086 3381 Δ
