2175 3409
149 363 277 414 magnum
289 362 349 399 esse
359 342 559 397 incommodum

203 429 242 477 ll.
279 422 332 474 His
349 419 432 473 rebus
448 416 565 486 cognitis
584 418 684 472 Caesar
702 386 822 487 legiones
841 421 1027 489 equitatum-⁹

148 516 202 568 que
213 497 335 553 revocari
346 500 429 565 atque
441 496 539 549 itinere
552 494 685 548 desistere
697 494 787 563 jubet,
798 496 858 565 ipse
869 496 906 550 ad
922 513 1005 551 naves

148 574 310 629 revertitur:
329 572 425 627 eadem
438 572 496 626 iere
507 588 579 640 quae
589 588 623 625 cx
634 569 740 624 nunciis
751 571 894 639 literisque
906 588 1004 640 cogno-

148 654 227 704 verat
238 666 330 704 coram
342 648 480 718 perspicit,
494 648 533 701 sic
544 651 578 701 ut
589 646 696 700 amissis
713 647 823 701 circiter
838 662 875 700 xo
890 648 1004 702 naribus

148 726 270 794 reliquae
287 728 382 779 tamen
399 723 473 777 refici
490 740 571 792 posse
588 740 687 790 magno
705 722 815 791 negotio
833 723 1001 777 riderentur.

150 801 248 869 ltaque
260 818 294 855 ex
306 800 457 868 legionibus
469 799 562 853 fabros
575 799 672 867 deligit
684 801 714 853 et
726 815 762 853 cx
774 800 925 853 continenti
936 799 1004 853 alios

149 878 248 931 arcessi
256 877 340 944 jubet
348 897 355 942 ;
369 874 488 930 Labieno
506 875 602 929 scribit
617 879 746 943 utquam
760 874 891 943 plurimas
911 879 1004 943 posset

148 952 183 1005 iis
206 952 364 1020 legionibus,
386 968 457 1021 quae
481 954 546 1004 sunt
569 950 643 1019 apud
666 966 736 1017 eum,
760 966 843 1003 naves
866 950 1003 1005 instituat.

150 1027 214 1095 lpse
227 1028 279 1081 etsi
290 1044 336 1081 nes
347 1031 407 1081 erat
417 1026 521 1081 multae
537 1042 637 1095 operae
653 1042 686 1079 ao
700 1024 810 1093 laboris,
821 1029 914 1079 tamen
932 1041 1004 1079 oom-

150 1102 342 1157 modissimum·
353 1119 412 1156 esse
429 1102 528 1156 statuit
544 1117 639 1156 omnes
657 1117 740 1155 naves
758 1100 872 1156 subduci
891 1104 920 1155 et
942 1099 1006 1154 cum'

150 1173 246 1233 castris
264 1195 318 1231 unu
338 1177 486 1232 munitione
507 1176 643 1245 conjungi.
679 1177 713 1229 ln
732 1176 775 1229 his
794 1174 876 1229 rebus
895 1176 1005 1230 circiter

150 1255 210 1309 dies
221 1250 248 1309 'x
268 1255 409 1321 consumit,
428 1270 463 1307 nc
486 1254 626 1307 nocturnis
647 1253 758 1319 quidem
778 1251 948 1321 temporibus
967 1253 1004 1305 ad

149 1330 270 1384 laborem
282 1330 398 1384 militurn
407 1330 577 1383 intermissis.
615 1328 762 1382 Subductis
771 1328 885 1381 navibus
894 1328 1004 1382 castris-

150 1423 204 1474 que
215 1401 452 1474 egregie'munitis
468 1405 579 1458 easdem
595 1405 685 1473 copias
702 1420 770 1473 quas
785 1407 850 1457 ante
867 1403 1003 1471 praesidio

149 1481 261 1535 navibus
272 1478 401 1550 reliquit:
412 1481 471 1549 ipse
483 1481 581 1534 eodem
593 1481 666 1534 unde
678 1479 800 1534 redierat
812 1480 1002 1548 proficiscitur.

150 1556 190 1610 Ilo
202 1574 286 1625 quum
302 1555 432 1624 venisset,
443 1556 562 1623 majores
571 1556 637 1624 vjam
653 1555 774 1623 undique
789 1556 818 1608 in
833 1571 896 1609 eum
914 1555 1003 1609 locum

149 1634 241 1702 copiae
261 1634 456 1686 Britannorum
473 1629 668 1699 convenerant,¹
681 1629 785 1685 sfflnma
800 1630 909 1700 imperii
926 1630 1003 1684 belli·

149 1725 203 1776 que
217 1708 427 1761 administrandi
442 1707 577 1761 communi
594 1706 705 1760 consilio
721 1703 854 1775 permissa
869 1706 1003 1760 Cassivel-

149 1783 235 1849 launo,
248 1784 325 1854 cujus
337 1785 405 1837 fines
417 1800 434 1836 a
445 1782 590 1836 maritimis
601 1781 757 1836 civitatibus
781 1782 881 1835 flumen
895 1781 1003 1845 dividit,

149 1859 224 1926 quod
235 1859 389 1928 appellatur
404 1858 533 1925 Tamesis,
547 1858 644 1911 amari
660 1858 768 1911 circiter
783 1857 860 1910 milia
875 1873 1002 1924 passuum

150 1928 342 2010 uxxxflluie
354 1933 494 2003 superiore
505 1935 631 2002 tempore
642 1949 704 1987 curn
715 1933 830 2002 reliquis
846 1932 1004 1986 ciuitatibus

149 2005 316 2064 continentia
337 2009 410 2063 bella
432 2009 662 2073 intercesserant3
686 2007 736 2062 sed
759 2011 854 2061 nostro
883 2007 1004 2060 adventu

149 2086 267 2153 permoti
286 2084 413 2138 Britanni
431 2083 503 2137 hunc
522 2084 576 2137 toti
594 2083 692 2137 bello
684 2083 852 2152 rmperioque
867 2081 1004 2150 praefece-

150 2163 219 2214 rant
348 2198 351 2202 -

202 2242 242 2289 12.
279 2234 437 2288 Britanniae
457 2195 522 2302 pars
541 2233 655 2286 interior
674 2232 745 2285 ab''
728 2250 762 2287 us
783 2232 916 2299 incolitur,
935 2248 1004 2319 quos

149 2310 258 2365 natos
250 2327 278 2364 ιιι
296 2308 412 2363 insula
403 2324 464 2397 ipsa
484 2308 614 2363 memoria
634 2307 775 2376 proditum
795 2306 906 2372 diorant3
923 2307 1003 2360 man'-

127 2419 131 2438 .
149 2382 221 2439 tima
228 2397 292 2454 pars
305 2384 369 2438 ab'‘
352 2401 385 2438 us
397 2401 446 2452 qur
437 2383 577 2453 praedae
591 2399 623 2436 ac
638 2382 705 2436 belli
721 2381 858 2446 inferendi¹
871 2397 952 2435 eausa
968 2398 1003 2435 ex

150 2460 248 2529 Belgio
257 2460 431 2527 transierant,
444 2460 494 2528 qui¹
506 2475 600 2512 omnes
615 2458 674 2512 iere
691 2457 724 2511 iis
738 2456 893 2510 nominibus
925 2457 1004 2511 ivita-

149 2541 209 2590 tum
221 2536 392 2605 appellantur
410 2535 508 2605 quibus
525 2534 579 2588 orti
595 2551 629 2588 ex
647 2532 805 2588 civitatibus
823 2474 1003 2602 eoffivene

149 2609 260 2679 runt,'et
269 2611 341 2665 bello
352 2611 433 2665 illato
441 2610 480 2664 ibi
494 2612 703 2679 permanserunt
718 2612 802 2676 atque
817 2625 899 2677 agros
914 2609 1004 2663 colere

149 2689 304 2756 coeperunt.
339 2686 489 2746 Hominum
501 2689 545 2740 est
554 2685 662 2739 infinita
670 2684 818 2738 multitudo
827 2685 1003 2738 creberrima-

150 2781 204 2833 que
216 2763 349 2831 aedificia,
361 2764 420 2818 fere
433 2762 543 2817 Gallicis
556 2761 707 2815 consimilia
714 2781 722 2826 ;
740 2777 868 2829 pecorum
887 2777 1003 2830 magnus

149 2856 286 2895 numerus.
320 2839 446 2894 Utuntur
469 2842 518 2892 aut
542 2854 615 2905 aere,
639 2840 687 2891 aut
710 2852 821 2889 nummo
845 2853 933 2903 aereo,
954 2839 1003 2889 aut

102 2943 107 2953 ·
149 2916 230 2969 taleis
241 2914 338 2969 ferreis
349 2913 386 2967 ad
398 2916 503 2968 certum
520 2912 627 2982 pondus
641 2911 803 2967 examinatis
816 2928 867 2980 pro
882 2926 1002 2967 nummo.

102 3015 107 3026 ·
150 2990 280 3044 Nascitur
291 2990 330 3043 ibi
341 2988 484 3058 plumbum
503 2988 623 3043 album
615 3005 643 3041 ιιι
661 2986 868 3040 mediterraneis
887 2985 1004 3053 regioni-

150 3066 229 3134 bus,
221 3082 249 3119 ιιι
262 3065 405 3119 maritimis
417 3065 528 3133 ferrum,
541 3064 629 3117 sed
603 3079 663 3131 eJus
675 3062 773 3129 exigua
784 3064 827 3114 est
836 3059 925 3147 copia:
938 3073 1003 3112 aere

150 3144 269 3195 utuntur
291 3141 446 3209 importata.
484 3139 603 3193 Materia
626 3137 759 3205 cnjrrsque
783 3136 891 3202 generis
916 3133 982 3187 ut
973 3148 1002 3184 ιιι

1001 3234 1086 3377 A
