2175 3409
76 112 123 161 142
343 112 372 160 0.
389 109 491 159 JULII
509 108 684 157 CAESARIS

75 195 204 261 Augetur
216 191 303 246 Gallis
314 188 431 260 suspicio
442 191 635 257 atqueiomues
646 187 694 241 illo
703 187 927 244 admunitionem

73 270 168 339 copiae
187 267 411 323 transducuntur.
447 266 542 319 Vacua
566 267 658 318 castra
679 264 800 317 hostium
824 265 927 319 Caesar

73 345 255 415 conspicatus,
285 342 367 400 tectis
397 342 555 410 insignibus,
580 357 698 406 suorum,
728 342 927 409 occultatisque

74 422 159 489 signis
174 419 345 486 militaribus,
361 436 443 473 raros
452 418 563 485 milites,
580 434 667 473 neox
685 417 786 487 oppido
805 418 927 471 animad-

73 500 256 562 verterentur,
269 513 304 551 ex
316 494 467 563 majoribus
483 494 581 548 castris
594 494 624 547 in
641 495 748 547 minora
764 494 926 562 transducit,

73 573 234 641 legatisque,
258 589 327 641 qnos
346 570 460 639 singulis
483 570 636 638 legionibus
659 571 837 639 praefecerat,
858 572 927 639 quid

73 649 133 702 fieri
152 649 235 703 vellet
258 648 395 702 ostendit:
423 648 451 702 in
475 647 572 722 primis
595 650 689 700 monet
712 649 744 699 nt
767 648 926 702 contineant

72 725 180 792 milites,
200 742 236 779 ne
255 724 348 779 studio
371 723 511 793 pugnandi
534 727 583 776 aut
603 739 652 792 spe
674 722 795 791 praedae
818 723 925 791 longius

72 802 298 871 progrediantur:
322 801 391 870 quid
410 801 540 870 iniquitas
560 799 611 853 loci
635 800 736 854 babeat
759 800 924 853 incommodi

72 880 214 947 proponit:
235 878 286 931 hoc
309 894 364 931 una
387 877 529 932 celeritate
552 876 751 944 posseritari:
775 876 925 930 occasionis

72 970 134 1009 osse
144 955 394 1023 rem,nonproelii.
431 954 484 1007 His
499 952 582 1006 rebus
596 952 727 1021 expositis
743 953 850 1020 signum
866 953 924 1020 dat,

72 1034 102 1085 et
114 1030 149 1084 ab
161 1032 260 1086 dextra
271 1035 351 1100 parte
363 1031 417 1085 alio
429 1045 542 1083 ascensu
559 1029 655 1082 eodem
667 1032 791 1096 tempore
810 1028 924 1082 Aeduos

72 1107 166 1162 mittit.

124 1190 165 1238 46.
198 1182 300 1252 Oppidi
311 1200 406 1237 murus
418 1181 453 1236 ab
468 1181 582 1251 planitie
598 1183 682 1249 atque
699 1181 777 1234 initio
794 1197 924 1236 aseensus

72 1264 149 1314 recta
172 1260 291 1327 regione,
315 1261 338 1313 si
361 1258 451 1312 nullus
475 1257 623 1312 amfractus
645 1255 839 1323 intercederet,
867 1272 924 1311 uec

72 1352 168 1404 passus
188 1337 298 1391 aberat:
315 1334 450 1405 quidquid
466 1333 529 1387 huic
543 1333 673 1387 circuitus
691 1332 729 1386 ad
747 1333 923 1388 molliendum

72 1411 172 1464 clivum
184 1415 344 1478 accesserat,
356 1409 387 1463 id
396 1410 516 1478 spatium
526 1409 634 1463 itineris
643 1408 780 1475 augebat·
795 1412 821 1462 A
831 1410 924 1463 medio

72 1486 131 1540 fere
143 1487 212 1539 colle
223 1487 253 1539 in
264 1484 471 1554 longitudinem,
482 1488 515 1538 ut
526 1488 627 1538 natura
640 1484 741 1537 montis
755 1485 870 1551 ferebat,
887 1502 923 1538 ex

72 1562 223 1628 grandibus
240 1563 312 1615 saxis
332 1578 380 1615 sex
395 1560 498 1630 pedum
510 1578 627 1626 murum,
640 1560 687 1629 qui
703 1563 859 1613 nostrorum
873 1562 924 1614 im-

72 1644 168 1705 petum
189 1638 321 1705 tardaret,
347 1638 553 1706 praeduxerant
582 1636 660 1702 Galli,
685 1639 770 1704 atque
792 1636 923 1691 inferiore

72 1713 146 1766 omni
159 1713 248 1781 spatio
260 1730 345 1768 vacuo
353 1714 461 1782 relicto,
474 1712 644 1782 superiorem
655 1716 763 1780 partem
782 1713 860 1767 collis
877 1732 923 1767 us-

73 1804 128 1856 que
140 1789 177 1841 ad
186 1806 294 1843 murum
307 1789 402 1859 oppidi
414 1789 584 1844 densissimis
596 1789 693 1842 castris
711 1789 929 1857 compleverant.v

73 1863 177 1918 Milites
201 1864 268 1919 dato
298 1867 376 1934 signo
403 1865 532 1920 celeriter
561 1865 598 1918 ad
627 1864 804 1940 munitionem
827 1882 923 1935 perve

71 1940 158 2008 niunt,
171 1958 288 2011 eamque
299 1942 463 2011 transgressi
476 1941 557 1995 trinis
576 1940 674 1994 castris
691 1941 843 2009 potiuntur.
879 1946 923 1997 Ac

72 2018 151 2070 tanta
162 2018 215 2071 fuit
233 2018 262 2071 in
277 2018 374 2073 castris
389 2017 531 2086 capiendis
543 2017 669 2070 celeritas
682 2021 715 2071 ut
734 2018 922 2086 Teutomatus,

73 2093 339 2163 rex.Nitiobrigum‚
357 2093 449 2148 subito
468 2093 496 2145 in
520 2091 697 2147 tabernaculo
716 2110 869 2162 oppressus,
890 2100 922 2150 ut

72 2170 187 2223 meridie
201 2171 401 2240 conquieverat,
414 2170 555 2239 superiore
573 2169 693 2237 corporis
710 2175 791 2238 parte
811 2171 922 2240 nudata,

72 2245 213 2299 vulnerato
237 2263 307 2314 equo
332 2247 378 2299 vix
394 2263 425 2300 se
442 2263 478 2301 ex
494 2245 620 2299 manibus
637 2245 829 2313 praedantium
852 2248 922 2301 rnili-

72 2324 132 2375 tum
145 2323 275 2391 eriperet.

82 2458 87 2473 ⁹
125 2401 166 2452 47.
202 2396 370 2451 Consecutus
381 2398 412 2452 id
423 2397 498 2466 quod
514 2398 605 2451 animo
622 2401 803 2465 proposuerat
820 2398 929 2453 Caesar

73 2473 196 2540 receptui
212 2473 272 2534 cani
282 2473 376 2541 jussit,
394 2473 561 2541 legionisque
579 2471 709 2540 decimae,
727 2490 843 2541 quacum
861 2479 931 2529 erat-

73 2549 253 2614 contionatus,
277 2549 354 2616 signa
377 2550 531 2603 constitere.
568 2551 609 2602 At
629 2549 797 2617 reliquarum
821 2551 922 2605 milites

72 2622 210 2691 legionum
233 2641 286 2678 non
305 2626 435 2679 exaudito
453 2623 537 2678 tubae
554 2641 629 2690 sono,
647 2625 721 2692 quod
738 2627 805 2680 satis
822 2626 923 2695 magna

72 2698 150 2751 uallis
162 2699 360 2769 intercedebat,
367 2705 459 2755 tamen
468 2699 503 2753 ab
512 2699 630 2754 tribunis
636 2701 755 2754 militum
762 2702 921 2771 legatisque,

71 2777 105 2854 pt
124 2777 185 2827 crat
198 2791 216 2828 a
231 2776 347 2831 Caesare
363 2779 550 2849 praeceptum,
565 2776 769 2832 retinebantur:
787 2780 837 2833 sed
856 2780 922 2835 elati

72 2864 121 2914 spe
140 2848 236 2902 celeris
256 2853 387 2906 victoriae
410 2856 440 2907 et
462 2852 583 2906 bostium
606 2852 672 2919 fuga
694 2854 922 2924 superiorumque

72 2925 228 2988 temporum
252 2927 378 2980 secundis
401 2928 519 2996 proeliis,
542 2927 610 2981 nihil
633 2928 703 2983 adeo
726 2930 842 2985 arduum
869 2932 927 2987 sibi·

73 2989 266 3078 existimabant
277 3002 353 3068 quod
364 3020 418 3056 non
430 3004 533 3057 virtute
545 3007 675 3073 consequi
689 3011 818 3075 possent;
831 3025 923 3078 neque

72 3082 149 3132 prius
160 3067 242 3125 finem
261 3078 393 3142 sequendi
410 3079 534 3133 fecerunt
552 3097 634 3149 quam
652 3098 730 3136 muro
748 3085 842 3152 oppidi
859 3102 923 3155 por-

73 3141 165 3202 aisque
184 3150 444 3221 appropinquarunt.
480 3154 549 3208 Tum
566 3172 631 3210 vero
648 3174 684 3210 ex
701 3160 827 3213 omnibus
844 3161 922 3216 urbis

1077 244 1085 280 i
