<?xml version="1.0" encoding="UTF-8"?>
<!DOCTYPE html PUBLIC "-//W3C//DTD XHTML 1.0 Transitional//EN"
    "http://www.w3.org/TR/xhtml1/DTD/xhtml1-transitional.dtd">
<html xmlns="http://www.w3.org/1999/xhtml" xml:lang="en" lang="en">
 <head>
  <title>
</title>
<meta http-equiv="Content-Type" content="text/html;charset=utf-8" />
  <meta name='ocr-system' content='tesseract 3.04.00' />
  <meta name='ocr-capabilities' content='ocr_page ocr_carea ocr_par ocr_line ocrx_word'/>
</head>
<body>
  <div class='ocr_page' id='page_1' title='image "./cjuliicaesarisc00longgoog_0063.png"; bbox 0 0 2175 3409; ppageno 0'>
   <div class='ocr_carea' id='block_1_1' title="bbox 487 117 1008 172">
    <p class='ocr_par' dir='ltr' id='par_1_1' title="bbox 487 117 1008 172">
     <span class='ocr_line' id='line_1_1' title="bbox 487 117 1008 172; baseline 0.015 -8"><span class='ocrx_word' id='word_1_1' title='bbox 487 117 596 166; x_wconf 83' lang='lat' dir='ltr'>LIBER</span> <span class='ocrx_word' id='word_1_2' title='bbox 613 119 665 167; x_wconf 90' lang='grc' dir='ltr'><strong>ΙΙΙ,</strong></span> <span class='ocrx_word' id='word_1_3' title='bbox 977 126 1008 172; x_wconf 82' lang='grc'>53</span> 
     </span>
    </p>
   </div>
   <div class='ocr_carea' id='block_1_2' title="bbox 117 197 1008 1184">
    <p class='ocr_par' dir='ltr' id='par_1_2' title="bbox 117 197 1008 1184">
     <span class='ocr_line' id='line_1_2' title="bbox 204 197 1008 273; baseline 0.006 -20"><span class='ocrx_word' id='word_1_4' title='bbox 204 205 243 255; x_wconf 83' lang='lat' dir='ltr'>le.</span> <span class='ocrx_word' id='word_1_5' title='bbox 280 199 341 252; x_wconf 85' lang='lat' dir='ltr'>Hac</span> <span class='ocrx_word' id='word_1_6' title='bbox 352 197 511 251; x_wconf 84' lang='lat' dir='ltr'>confirmata</span> <span class='ocrx_word' id='word_1_7' title='bbox 521 198 649 267; x_wconf 87' lang='lat' dir='ltr'>opinione</span> <span class='ocrx_word' id='word_1_8' title='bbox 664 200 770 254; x_wconf 88' lang='lat' dir='ltr'>timoris</span> <span class='ocrx_word' id='word_1_9' title='bbox 781 202 908 256; x_wconf 88' lang='lat' dir='ltr'>idoneum</span> <span class='ocrx_word' id='word_1_10' title='bbox 923 221 1008 273; x_wconf 90' lang='lat' dir='ltr'>queu-</span> 
     </span>
     <span class='ocr_line' id='line_1_3' title="bbox 150 273 1008 348; baseline 0.006 -19"><span class='ocrx_word' id='word_1_11' title='bbox 150 276 215 329; x_wconf 87' lang='lat' dir='ltr'>dam</span> <span class='ocrx_word' id='word_1_12' title='bbox 234 275 371 328; x_wconf 79' lang='lat' dir='ltr'>lvonrinem</span> <span class='ocrx_word' id='word_1_13' title='bbox 391 276 420 327; x_wconf 93' lang='lat' dir='ltr'>et</span> <span class='ocrx_word' id='word_1_14' title='bbox 440 273 568 327; x_wconf 86' lang='lat' dir='ltr'>callidum</span> <span class='ocrx_word' id='word_1_15' title='bbox 585 274 688 343; x_wconf 81' lang='lat' dir='ltr'>delegit</span> <span class='ocrx_word' id='word_1_16' title='bbox 705 277 814 331; x_wconf 90' lang='lat' dir='ltr'>Gallum</span> <span class='ocrx_word' id='word_1_17' title='bbox 830 295 865 332; x_wconf 83' lang='lat' dir='ltr'>ex</span> <span class='ocrx_word' id='word_1_18' title='bbox 880 279 923 332; x_wconf 93' lang='lat' dir='ltr'>his</span> <span class='ocrx_word' id='word_1_19' title='bbox 939 297 1008 348; x_wconf 87' lang='lat' dir='ltr'>quos</span> 
     </span>
     <span class='ocr_line' id='line_1_4' title="bbox 149 349 1008 425; baseline 0.006 -20"><span class='ocrx_word' id='word_1_20' title='bbox 149 352 242 405; x_wconf 79' lang='lat' dir='ltr'><strong>auxilii</strong></span> <span class='ocrx_word' id='word_1_21' title='bbox 252 368 333 404; x_wconf 89' lang='lat' dir='ltr'>causa</span> <span class='ocrx_word' id='word_1_22' title='bbox 342 366 434 403; x_wconf 86' lang='lat' dir='ltr'>secum</span> <span class='ocrx_word' id='word_1_23' title='bbox 446 349 574 405; x_wconf 83' lang='lat' dir='ltr'>habebat.</span> <span class='ocrx_word' id='word_1_24' title='bbox 612 351 685 406; x_wconf 85' lang='lat' dir='ltr'>Huic</span> <span class='ocrx_word' id='word_1_25' title='bbox 697 354 802 420; x_wconf 88' lang='lat' dir='ltr'>magnis</span> <span class='ocrx_word' id='word_1_26' title='bbox 813 356 940 424; x_wconf 84' lang='lat' dir='ltr'>praemiis</span> <span class='ocrx_word' id='word_1_27' title='bbox 952 357 1008 425; x_wconf 89' lang='lat' dir='ltr'>pol-</span> 
     </span>
     <span class='ocr_line' id='line_1_5' title="bbox 149 426 1008 498; baseline 0.007 -18"><span class='ocrx_word' id='word_1_28' title='bbox 149 426 397 495; x_wconf 85' lang='lat' dir='ltr'>licitationibusque</span> <span class='ocrx_word' id='word_1_29' title='bbox 420 426 570 495; x_wconf 78' lang='lat' dir='ltr'>persuadet</span> <span class='ocrx_word' id='word_1_30' title='bbox 588 427 629 481; x_wconf 88' lang='lat' dir='ltr'>uti</span> <span class='ocrx_word' id='word_1_31' title='bbox 641 428 683 494; x_wconf 61' lang='lat' dir='ltr'>¹ad</span> <span class='ocrx_word' id='word_1_32' title='bbox 706 427 799 483; x_wconf 90' lang='lat' dir='ltr'>hostes</span> <span class='ocrx_word' id='word_1_33' title='bbox 823 434 953 498; x_wconf 85' lang='lat' dir='ltr'>transeat,</span> <span class='ocrx_word' id='word_1_34' title='bbox 978 435 1008 486; x_wconf 88' lang='lat' dir='ltr'>ct</span> 
     </span>
     <span class='ocr_line' id='line_1_6' title="bbox 117 502 1006 575; baseline 0.004 -18"><span class='ocrx_word' id='word_1_35' title='bbox 117 525 120 532; x_wconf 62' lang='lat'><strong><em>⁴</em></strong></span> <span class='ocrx_word' id='word_1_36' title='bbox 150 504 218 573; x_wconf 90' lang='lat' dir='ltr'>qnid</span> <span class='ocrx_word' id='word_1_37' title='bbox 230 503 474 557; x_wconf 88' lang='lat' dir='ltr'>fierivelitedocet.</span> <span class='ocrx_word' id='word_1_38' title='bbox 507 502 560 566; x_wconf 85' lang='lat' dir='ltr'>Qui</span> <span class='ocrx_word' id='word_1_39' title='bbox 572 502 618 556; x_wconf 88' lang='lat' dir='ltr'>ubi</span> <span class='ocrx_word' id='word_1_40' title='bbox 630 520 680 573; x_wconf 86' lang='lat' dir='ltr'>pro</span> <span class='ocrx_word' id='word_1_41' title='bbox 691 505 807 574; x_wconf 84' lang='lat' dir='ltr'>perfuga</span> <span class='ocrx_word' id='word_1_42' title='bbox 818 507 854 560; x_wconf 91' lang='lat' dir='ltr'>ad</span> <span class='ocrx_word' id='word_1_43' title='bbox 866 523 912 560; x_wconf 90' lang='lat' dir='ltr'>eos</span> <span class='ocrx_word' id='word_1_44' title='bbox 924 508 1006 575; x_wconf 88' lang='lat' dir='ltr'>vonit,</span> 
     </span>
     <span class='ocr_line' id='line_1_7' title="bbox 150 580 1005 651; baseline 0.002 -16"><span class='ocrx_word' id='word_1_45' title='bbox 150 582 277 638; x_wconf 87' lang='lat' dir='ltr'>timorem</span> <span class='ocrx_word' id='word_1_46' title='bbox 302 581 485 634; x_wconf 89' lang='lat' dir='ltr'>Romanorum</span> <span class='ocrx_word' id='word_1_47' title='bbox 510 581 644 649; x_wconf 79' lang='lat' dir='ltr'><strong>proponit,</strong></span> <span class='ocrx_word' id='word_1_48' title='bbox 666 580 765 649; x_wconf 88' lang='lat' dir='ltr'>quibus</span> <span class='ocrx_word' id='word_1_49' title='bbox 789 583 921 650; x_wconf 87' lang='lat' dir='ltr'>angustiis</span> <span class='ocrx_word' id='word_1_50' title='bbox 945 583 1005 651; x_wconf 89' lang='lat' dir='ltr'>ipse</span> 
     </span>
     <span class='ocr_line' id='line_1_8' title="bbox 151 656 1005 725; baseline 0.002 -14"><span class='ocrx_word' id='word_1_51' title='bbox 151 657 280 711; x_wconf 83' lang='lat' dir='ltr'>Caesare</span> <span class='ocrx_word' id='word_1_52' title='bbox 292 657 406 711; x_wconf 82' lang='lat' dir='ltr'>Venetis</span> <span class='ocrx_word' id='word_1_53' title='bbox 421 659 562 725; x_wconf 80' lang='lat' dir='ltr'><strong>prematur</strong></span> <span class='ocrx_word' id='word_1_54' title='bbox 578 656 665 723; x_wconf 86' lang='lat' dir='ltr'>docet,</span> <span class='ocrx_word' id='word_1_55' title='bbox 682 674 771 725; x_wconf 88' lang='lat' dir='ltr'>neque</span> <span class='ocrx_word' id='word_1_56' title='bbox 787 657 892 725; x_wconf 90' lang='lat' dir='ltr'>longius</span> <span class='ocrx_word' id='word_1_57' title='bbox 907 658 1005 713; x_wconf 84' lang='lat' dir='ltr'>abesse</span> 
     </span>
     <span class='ocr_line' id='line_1_9' title="bbox 150 732 1005 803; baseline 0.002 -17"><span class='ocrx_word' id='word_1_58' title='bbox 150 733 217 802; x_wconf 90' lang='lat' dir='ltr'>quin</span> <span class='ocrx_word' id='word_1_59' title='bbox 234 734 356 803; x_wconf 83' lang='lat' dir='ltr'>proxima</span> <span class='ocrx_word' id='word_1_60' title='bbox 373 738 453 790; x_wconf 86' lang='lat' dir='ltr'>nocte</span> <span class='ocrx_word' id='word_1_61' title='bbox 472 732 588 786; x_wconf 83' lang='lat' dir='ltr'>Sabinus</span> <span class='ocrx_word' id='word_1_62' title='bbox 605 733 673 785; x_wconf 88' lang='lat' dir='ltr'>clam</span> <span class='ocrx_word' id='word_1_63' title='bbox 690 750 725 786; x_wconf 84' lang='lat' dir='ltr'>cx</span> <span class='ocrx_word' id='word_1_64' title='bbox 741 736 838 788; x_wconf 82' lang='lat' dir='ltr'>castris</span> <span class='ocrx_word' id='word_1_65' title='bbox 853 735 1005 789; x_wconf 85' lang='lat' dir='ltr'>exercitum</span> 
     </span>
     <span class='ocr_line' id='line_1_10' title="bbox 150 808 1006 878; baseline 0.002 -16"><span class='ocrx_word' id='word_1_66' title='bbox 150 808 250 863; x_wconf 87' lang='lat' dir='ltr'>educat</span> <span class='ocrx_word' id='word_1_67' title='bbox 267 809 347 863; x_wconf 87' lang='lat' dir='ltr'>etad</span> <span class='ocrx_word' id='word_1_68' title='bbox 364 809 507 864; x_wconf 77' lang='lat' dir='ltr'>Caesarem</span> <span class='ocrx_word' id='word_1_69' title='bbox 524 808 618 861; x_wconf 82' lang='lat' dir='ltr'>auxilii</span> <span class='ocrx_word' id='word_1_70' title='bbox 633 808 739 863; x_wconf 82' lang='lat' dir='ltr'>ferendi</span> <span class='ocrx_word' id='word_1_71' title='bbox 757 827 837 864; x_wconf 84' lang='lat' dir='ltr'>causa</span> <span class='ocrx_word' id='word_1_72' title='bbox 853 810 1006 878; x_wconf 86' lang='lat' dir='ltr'>proficisca-</span> 
     </span>
     <span class='ocr_line' id='line_1_11' title="bbox 149 875 1007 952; baseline 0.002 -15"><span class='ocrx_word' id='word_1_73' title='bbox 149 887 204 938; x_wconf 88' lang='lat' dir='ltr'>tur.</span> <span class='ocrx_word' id='word_1_74' title='bbox 242 885 321 949; x_wconf 88' lang='lat' dir='ltr'>Quod</span> <span class='ocrx_word' id='word_1_75' title='bbox 333 885 380 939; x_wconf 86' lang='lat' dir='ltr'>ubi</span> <span class='ocrx_word' id='word_1_76' title='bbox 397 875 521 940; x_wconf 88' lang='lat' dir='ltr'>auditum</span> <span class='ocrx_word' id='word_1_77' title='bbox 541 890 591 952; x_wconf 87' lang='lat' dir='ltr'>est,</span> <span class='ocrx_word' id='word_1_78' title='bbox 603 887 770 941; x_wconf 74' lang='lat' dir='ltr'>conclamant</span> <span class='ocrx_word' id='word_1_79' title='bbox 783 902 876 940; x_wconf 88' lang='lat' dir='ltr'>omnes</span> <span class='ocrx_word' id='word_1_80' title='bbox 891 887 1007 940; x_wconf 86' lang='lat' dir='ltr'>occasio·</span> 
     </span>
     <span class='ocr_line' id='line_1_12' title="bbox 149 961 1006 1029; baseline 0.004 -16"><span class='ocrx_word' id='word_1_81' title='bbox 149 975 212 1015; x_wconf 88' lang='lat' dir='ltr'>nem</span> <span class='ocrx_word' id='word_1_82' title='bbox 224 962 326 1029; x_wconf 85' lang='lat' dir='ltr'>negotii</span> <span class='ocrx_word' id='word_1_83' title='bbox 335 961 405 1014; x_wconf 89' lang='lat' dir='ltr'>bene</span> <span class='ocrx_word' id='word_1_84' title='bbox 416 962 531 1029; x_wconf 85' lang='lat' dir='ltr'>gerendi</span> <span class='ocrx_word' id='word_1_85' title='bbox 543 962 723 1017; x_wconf 90' lang='lat' dir='ltr'>amittendam</span> <span class='ocrx_word' id='word_1_86' title='bbox 732 978 786 1016; x_wconf 90' lang='lat' dir='ltr'>non</span> <span class='ocrx_word' id='word_1_87' title='bbox 795 978 864 1028; x_wconf 85' lang='lat' dir='ltr'>esse,</span> <span class='ocrx_word' id='word_1_88' title='bbox 873 962 909 1015; x_wconf 89' lang='lat' dir='ltr'>ad</span> <span class='ocrx_word' id='word_1_89' title='bbox 917 966 1006 1016; x_wconf 84' lang='lat' dir='ltr'>castra</span> 
     </span>
     <span class='ocr_line' id='line_1_13' title="bbox 150 1036 1006 1105; baseline 0.001 -17"><span class='ocrx_word' id='word_1_90' title='bbox 150 1036 184 1088; x_wconf 89' lang='lat' dir='ltr'>iri</span> <span class='ocrx_word' id='word_1_91' title='bbox 196 1040 329 1105; x_wconf 86' lang='lat' dir='ltr'>oportere.</span> <span class='ocrx_word' id='word_1_92' title='bbox 367 1038 472 1091; x_wconf 81' lang='lat' dir='ltr'>Multae</span> <span class='ocrx_word' id='word_1_93' title='bbox 485 1055 530 1092; x_wconf 89' lang='lat' dir='ltr'>res</span> <span class='ocrx_word' id='word_1_94' title='bbox 542 1038 579 1091; x_wconf 83' lang='lat' dir='ltr'>ed</span> <span class='ocrx_word' id='word_1_95' title='bbox 591 1038 642 1092; x_wconf 91' lang='lat' dir='ltr'>hoc</span> <span class='ocrx_word' id='word_1_96' title='bbox 654 1038 794 1092; x_wconf 89' lang='lat' dir='ltr'>consilium</span> <span class='ocrx_word' id='word_1_97' title='bbox 806 1037 899 1091; x_wconf 86' lang='lat' dir='ltr'>Gallos</span> <span class='ocrx_word' id='word_1_98' title='bbox 915 1036 1006 1090; x_wconf 87' lang='lat' dir='ltr'>horta-</span> 
     </span>
     <span class='ocr_line' id='line_1_14' title="bbox 149 1111 1003 1184; baseline 0.001 -19"><span class='ocrx_word' id='word_1_99' title='bbox 149 1111 265 1168; x_wconf 87' lang='lat' dir='ltr'>bantur:</span> <span class='ocrx_word' id='word_1_100' title='bbox 284 1114 453 1184; x_wconf 77' lang='lat' dir='ltr'>superiorum</span> <span class='ocrx_word' id='word_1_101' title='bbox 472 1114 579 1167; x_wconf 84' lang='lat' dir='ltr'>dicrum</span> <span class='ocrx_word' id='word_1_102' title='bbox 597 1114 690 1169; x_wconf 84' lang='lat' dir='ltr'>Sabini</span> <span class='ocrx_word' id='word_1_103' title='bbox 708 1114 851 1179; x_wconf 89' lang='lat' dir='ltr'>cunctatio,</span> <span class='ocrx_word' id='word_1_104' title='bbox 872 1113 1003 1180; x_wconf 84' lang='lat' dir='ltr'>perfugae</span> 
     </span>
    </p>
   </div>
   <div class='ocr_carea' id='block_1_3' title="bbox 73 1186 1004 1259">
    <p class='ocr_par' dir='ltr' id='par_1_3' title="bbox 73 1186 1004 1259">
     <span class='ocr_line' id='line_1_15' title="bbox 73 1186 1004 1259; baseline -0.001 -18"><span class='ocrx_word' id='word_1_105' title='bbox 73 1219 78 1228; x_wconf 91' lang='lat'><em>·</em></span> <span class='ocrx_word' id='word_1_106' title='bbox 150 1188 326 1257; x_wconf 87' lang='lat' dir='ltr'>confirmatio,</span> <span class='ocrx_word' id='word_1_107' title='bbox 337 1191 428 1259; x_wconf 86' lang='lat' dir='ltr'>inopia</span> <span class='ocrx_word' id='word_1_108' title='bbox 444 1190 615 1257; x_wconf 84' lang='lat' dir='ltr'>cibariorum,</span> <span class='ocrx_word' id='word_1_109' title='bbox 627 1190 671 1243; x_wconf 87' lang='lat' dir='ltr'>cui</span> <span class='ocrx_word' id='word_1_110' title='bbox 686 1190 727 1242; x_wconf 87' lang='lat' dir='ltr'>rei</span> <span class='ocrx_word' id='word_1_111' title='bbox 743 1205 839 1256; x_wconf 87' lang='lat' dir='ltr'>parum</span> <span class='ocrx_word' id='word_1_112' title='bbox 857 1186 1004 1255; x_wconf 79' lang='lat' dir='ltr'>diligenter</span> 
     </span>
    </p>
   </div>
   <div class='ocr_carea' id='block_1_4' title="bbox 149 1262 1006 1713">
    <p class='ocr_par' dir='ltr' id='par_1_4' title="bbox 149 1262 1006 1713">
     <span class='ocr_line' id='line_1_16' title="bbox 150 1262 1005 1335; baseline -0.001 -18"><span class='ocrx_word' id='word_1_113' title='bbox 150 1264 185 1317; x_wconf 92' lang='lat' dir='ltr'>ab</span> <span class='ocrx_word' id='word_1_114' title='bbox 204 1264 237 1317; x_wconf 86' lang='lat' dir='ltr'>iis</span> <span class='ocrx_word' id='word_1_115' title='bbox 256 1269 316 1320; x_wconf 88' lang='lat' dir='ltr'>erat</span> <span class='ocrx_word' id='word_1_116' title='bbox 330 1266 476 1334; x_wconf 80' lang='lat' dir='ltr'>provisum,</span> <span class='ocrx_word' id='word_1_117' title='bbox 494 1282 556 1335; x_wconf 87' lang='lat' dir='ltr'>spes</span> <span class='ocrx_word' id='word_1_118' title='bbox 573 1265 699 1319; x_wconf 85' lang='lat' dir='ltr'>Venetici</span> <span class='ocrx_word' id='word_1_119' title='bbox 717 1264 789 1329; x_wconf 80' lang='lat' dir='ltr'>belli,</span> <span class='ocrx_word' id='word_1_120' title='bbox 808 1267 837 1317; x_wconf 89' lang='lat' dir='ltr'>et</span> <span class='ocrx_word' id='word_1_121' title='bbox 855 1262 930 1332; x_wconf 88' lang='lat' dir='ltr'>quod</span> <span class='ocrx_word' id='word_1_122' title='bbox 947 1263 1005 1316; x_wconf 88' lang='lat' dir='ltr'>fere</span> 
     </span>
     <span class='ocr_line' id='line_1_17' title="bbox 150 1337 1006 1409; baseline -0.002 -16"><span class='ocrx_word' id='word_1_123' title='bbox 150 1340 268 1394; x_wconf 85' lang='lat' dir='ltr'>libenter</span> <span class='ocrx_word' id='word_1_124' title='bbox 291 1337 413 1396; x_wconf 86' lang='lat' dir='ltr'>homines</span> <span class='ocrx_word' id='word_1_125' title='bbox 438 1342 466 1395; x_wconf 88' lang='lat' dir='ltr'>id</span> <span class='ocrx_word' id='word_1_126' title='bbox 487 1342 562 1409; x_wconf 85' lang='lat' dir='ltr'>quod</span> <span class='ocrx_word' id='word_1_127' title='bbox 581 1342 674 1395; x_wconf 89' lang='lat' dir='ltr'>volunt</span> <span class='ocrx_word' id='word_1_128' title='bbox 693 1340 815 1394; x_wconf 80' lang='lat' dir='ltr'>credunt</span> <span class='ocrx_word' id='word_1_129' title='bbox 852 1338 906 1392; x_wconf 91' lang='lat' dir='ltr'>His</span> <span class='ocrx_word' id='word_1_130' title='bbox 923 1337 1006 1392; x_wconf 86' lang='lat' dir='ltr'>rebus</span> 
     </span>
     <span class='ocr_line' id='line_1_18' title="bbox 150 1415 1004 1487; baseline -0.002 -18"><span class='ocrx_word' id='word_1_131' title='bbox 150 1416 263 1469; x_wconf 86' lang='lat' dir='ltr'>adducti</span> <span class='ocrx_word' id='word_1_132' title='bbox 283 1434 337 1470; x_wconf 92' lang='lat' dir='ltr'>non</span> <span class='ocrx_word' id='word_1_133' title='bbox 360 1419 437 1487; x_wconf 89' lang='lat' dir='ltr'>prius</span> <span class='ocrx_word' id='word_1_134' title='bbox 460 1417 646 1471; x_wconf 85' lang='lat' dir='ltr'>Viridovicem</span> <span class='ocrx_word' id='word_1_135' title='bbox 669 1417 840 1485; x_wconf 87' lang='lat' dir='ltr'>reliquosque</span> <span class='ocrx_word' id='word_1_136' title='bbox 864 1415 948 1470; x_wconf 86' lang='lat' dir='ltr'>duces</span> <span class='ocrx_word' id='word_1_137' title='bbox 971 1430 1004 1468; x_wconf 88' lang='lat' dir='ltr'>ex</span> 
     </span>
     <span class='ocr_line' id='line_1_19' title="bbox 150 1491 1005 1562; baseline -0.002 -16"><span class='ocrx_word' id='word_1_138' title='bbox 150 1492 262 1546; x_wconf 89' lang='lat' dir='ltr'>concilio</span> <span class='ocrx_word' id='word_1_139' title='bbox 275 1493 419 1547; x_wconf 88' lang='lat' dir='ltr'>dimittunt</span> <span class='ocrx_word' id='word_1_140' title='bbox 436 1510 517 1562; x_wconf 88' lang='lat' dir='ltr'>quam</span> <span class='ocrx_word' id='word_1_141' title='bbox 533 1493 569 1547; x_wconf 85' lang='lat' dir='ltr'>ab</span> <span class='ocrx_word' id='word_1_142' title='bbox 585 1493 628 1547; x_wconf 89' lang='lat' dir='ltr'>his</span> <span class='ocrx_word' id='word_1_143' title='bbox 644 1493 680 1546; x_wconf 89' lang='lat' dir='ltr'>sit</span> <span class='ocrx_word' id='word_1_144' title='bbox 695 1508 852 1546; x_wconf 87' lang='lat' dir='ltr'>concessum</span> <span class='ocrx_word' id='word_1_145' title='bbox 869 1507 948 1552; x_wconf 79' lang='lat' dir='ltr'>arma,</span> <span class='ocrx_word' id='word_1_146' title='bbox 963 1491 1005 1544; x_wconf 88' lang='lat' dir='ltr'>uti</span> 
     </span>
     <span class='ocr_line' id='line_1_20' title="bbox 150 1563 1004 1637; baseline -0.002 -16"><span class='ocrx_word' id='word_1_147' title='bbox 150 1569 258 1637; x_wconf 79' lang='lat' dir='ltr'>capiant</span> <span class='ocrx_word' id='word_1_148' title='bbox 270 1572 300 1622; x_wconf 90' lang='lat' dir='ltr'>et</span> <span class='ocrx_word' id='word_1_149' title='bbox 312 1568 348 1622; x_wconf 88' lang='lat' dir='ltr'>ad</span> <span class='ocrx_word' id='word_1_150' title='bbox 360 1573 449 1623; x_wconf 89' lang='lat' dir='ltr'>castra</span> <span class='ocrx_word' id='word_1_151' title='bbox 461 1570 636 1625; x_wconf 82' lang='lat' dir='ltr'>contendant.</span> <span class='ocrx_word' id='word_1_152' title='bbox 675 1570 734 1634; x_wconf 77' lang='lat' dir='ltr'>Qua</span> <span class='ocrx_word' id='word_1_153' title='bbox 750 1584 781 1622; x_wconf 90' lang='lat' dir='ltr'>re</span> <span class='ocrx_word' id='word_1_154' title='bbox 797 1583 922 1621; x_wconf 87' lang='lat' dir='ltr'>concessa</span> <span class='ocrx_word' id='word_1_155' title='bbox 938 1563 1004 1620; x_wconf 87' lang='lat' dir='ltr'>lacti</span> 
     </span>
     <span class='ocr_line' id='line_1_21' title="bbox 149 1643 1003 1713; baseline -0.001 -17"><span class='ocrx_word' id='word_1_156' title='bbox 149 1647 181 1697; x_wconf 89' lang='lat' dir='ltr'>ut</span> <span class='ocrx_word' id='word_1_157' title='bbox 205 1644 346 1713; x_wconf 87' lang='lat' dir='ltr'>explorata</span> <span class='ocrx_word' id='word_1_158' title='bbox 370 1645 483 1699; x_wconf 90' lang='lat' dir='ltr'>victoria</span> <span class='ocrx_word' id='word_1_159' title='bbox 511 1645 656 1700; x_wconf 83' lang='lat' dir='ltr'>sarmentis</span> <span class='ocrx_word' id='word_1_160' title='bbox 679 1644 859 1713; x_wconf 85' lang='lat' dir='ltr'>virgultisque</span> <span class='ocrx_word' id='word_1_161' title='bbox 882 1643 1003 1697; x_wconf 86' lang='lat' dir='ltr'>collectis</span> 
     </span>
    </p>
   </div>
   <div class='ocr_carea' id='block_1_5' title="bbox 11 1713 1002 1789">
    <p class='ocr_par' dir='ltr' id='par_1_5' title="bbox 11 1713 1002 1789">
     <span class='ocr_line' id='line_1_22' title="bbox 11 1713 1002 1789; baseline -0.005 -13"><span class='ocrx_word' id='word_1_162' title='bbox 11 1713 14 1736; x_wconf 79' lang='lat'><em>‘</em></span> <span class='ocrx_word' id='word_1_163' title='bbox 44 1735 51 1740; x_wconf 90' lang='lat'>·</span> <span class='ocrx_word' id='word_1_164' title='bbox 150 1718 251 1787; x_wconf 88' lang='lat' dir='ltr'>quibus</span> <span class='ocrx_word' id='word_1_165' title='bbox 262 1720 349 1774; x_wconf 81' lang='lat' dir='ltr'>fossas</span> <span class='ocrx_word' id='word_1_166' title='bbox 361 1721 544 1775; x_wconf 87' lang='lat' dir='ltr'>Romanorum</span> <span class='ocrx_word' id='word_1_167' title='bbox 557 1721 711 1789; x_wconf 81' lang='lat' dir='ltr'>compleant</span> <span class='ocrx_word' id='word_1_168' title='bbox 722 1719 759 1773; x_wconf 88' lang='lat' dir='ltr'>ad</span> <span class='ocrx_word' id='word_1_169' title='bbox 769 1724 860 1773; x_wconf 87' lang='lat' dir='ltr'>castra</span> <span class='ocrx_word' id='word_1_170' title='bbox 875 1722 1002 1787; x_wconf 87' lang='lat' dir='ltr'>pergunt.</span> 
     </span>
    </p>
   </div>
   <div class='ocr_carea' id='block_1_6' title="bbox 148 1794 1053 3153">
    <p class='ocr_par' dir='ltr' id='par_1_6' title="bbox 148 1794 1053 3153">
     <span class='ocr_line' id='line_1_23' title="bbox 204 1794 1000 1863; baseline -0.003 -14"><span class='ocrx_word' id='word_1_171' title='bbox 204 1802 242 1850; x_wconf 83' lang='lat'>19.</span> <span class='ocrx_word' id='word_1_172' title='bbox 280 1796 368 1849; x_wconf 84' lang='lat' dir='ltr'>Locus</span> <span class='ocrx_word' id='word_1_173' title='bbox 380 1800 439 1850; x_wconf 85' lang='lat' dir='ltr'>erat</span> <span class='ocrx_word' id='word_1_174' title='bbox 452 1801 601 1855; x_wconf 88' lang='lat' dir='ltr'>castrorum</span> <span class='ocrx_word' id='word_1_175' title='bbox 614 1797 705 1851; x_wconf 86' lang='lat' dir='ltr'>editus</span> <span class='ocrx_word' id='word_1_176' title='bbox 720 1800 748 1850; x_wconf 86' lang='lat' dir='ltr'>et</span> <span class='ocrx_word' id='word_1_177' title='bbox 757 1795 889 1863; x_wconf 85' lang='lat' dir='ltr'>paulatim</span> <span class='ocrx_word' id='word_1_178' title='bbox 900 1794 935 1848; x_wconf 89' lang='lat' dir='ltr'>ab</span> <span class='ocrx_word' id='word_1_179' title='bbox 944 1794 1000 1853; x_wconf 84' lang='lat' dir='ltr'>imo</span> 
     </span>
     <span class='ocr_line' id='line_1_24' title="bbox 149 1871 1005 1941; baseline -0.004 -16"><span class='ocrx_word' id='word_1_180' title='bbox 149 1872 257 1925; x_wconf 83' lang='lat' dir='ltr'>acclivis</span> <span class='ocrx_word' id='word_1_181' title='bbox 269 1873 378 1926; x_wconf 85' lang='lat' dir='ltr'>circitor</span> <span class='ocrx_word' id='word_1_182' title='bbox 388 1889 484 1941; x_wconf 75' lang='lat' dir='ltr'>passim</span> <span class='ocrx_word' id='word_1_183' title='bbox 496 1871 577 1926; x_wconf 89' lang='lat' dir='ltr'>mille.</span> <span class='ocrx_word' id='word_1_184' title='bbox 614 1872 678 1927; x_wconf 88' lang='lat' dir='ltr'>Huc</span> <span class='ocrx_word' id='word_1_185' title='bbox 689 1888 788 1939; x_wconf 84' lang='lat' dir='ltr'>magno</span> <span class='ocrx_word' id='word_1_186' title='bbox 800 1887 880 1924; x_wconf 88' lang='lat' dir='ltr'>eursu</span> <span class='ocrx_word' id='word_1_187' title='bbox 894 1874 1005 1923; x_wconf 88' lang='lat' dir='ltr'>eonten-</span> 
     </span>
     <span class='ocr_line' id='line_1_25' title="bbox 151 1944 1004 2017; baseline -0.002 -17"><span class='ocrx_word' id='word_1_188' title='bbox 151 1947 250 2001; x_wconf 79' lang='lat' dir='ltr'>‹lcrunt</span> <span class='ocrx_word' id='word_1_189' title='bbox 271 1953 303 2001; x_wconf 93' lang='lat' dir='ltr'>ut</span> <span class='ocrx_word' id='word_1_190' title='bbox 321 1965 402 2016; x_wconf 90' lang='lat' dir='ltr'>quam</span> <span class='ocrx_word' id='word_1_191' title='bbox 419 1949 560 2002; x_wconf 89' lang='lat' dir='ltr'>minimum</span> <span class='ocrx_word' id='word_1_192' title='bbox 579 1948 659 2017; x_wconf 84' lang='lat' dir='ltr'>spatii</span> <span class='ocrx_word' id='word_1_193' title='bbox 677 1947 713 2001; x_wconf 88' lang='lat' dir='ltr'>ad</span> <span class='ocrx_word' id='word_1_194' title='bbox 731 1964 760 2001; x_wconf 92' lang='lat' dir='ltr'>se</span> <span class='ocrx_word' id='word_1_195' title='bbox 777 1944 943 2013; x_wconf 86' lang='lat' dir='ltr'>colligendos</span> <span class='ocrx_word' id='word_1_196' title='bbox 961 1961 1004 1998; x_wconf 91' lang='lat' dir='ltr'>ar-</span> 
     </span>
     <span class='ocr_line' id='line_1_26' title="bbox 150 2023 1003 2092; baseline 0 -17"><span class='ocrx_word' id='word_1_197' title='bbox 150 2023 317 2092; x_wconf 86' lang='lat' dir='ltr'>mandosque</span> <span class='ocrx_word' id='word_1_198' title='bbox 331 2024 460 2077; x_wconf 84' lang='lat' dir='ltr'>Romanis</span> <span class='ocrx_word' id='word_1_199' title='bbox 473 2024 594 2091; x_wconf 88' lang='lat' dir='ltr'>daretur,</span> <span class='ocrx_word' id='word_1_200' title='bbox 603 2023 804 2092; x_wconf 84' lang='lat' dir='ltr'>exanimatique</span> <span class='ocrx_word' id='word_1_201' title='bbox 813 2024 1003 2091; x_wconf 88' lang='lat' dir='ltr'>pervenerunt.</span> 
     </span>
     <span class='ocr_line' id='line_1_27' title="bbox 151 2096 1005 2168; baseline -0.002 -17"><span class='ocrx_word' id='word_1_202' title='bbox 151 2098 266 2151; x_wconf 77' lang='lat' dir='ltr'>Sabinus</span> <span class='ocrx_word' id='word_1_203' title='bbox 278 2115 340 2152; x_wconf 85' lang='lat' dir='ltr'>suos</span> <span class='ocrx_word' id='word_1_204' title='bbox 352 2100 478 2154; x_wconf 90' lang='lat' dir='ltr'>hortatus</span> <span class='ocrx_word' id='word_1_205' title='bbox 490 2100 662 2168; x_wconf 88' lang='lat' dir='ltr'>cupientibus</span> <span class='ocrx_word' id='word_1_206' title='bbox 675 2100 780 2166; x_wconf 88' lang='lat' dir='ltr'>signum</span> <span class='ocrx_word' id='word_1_207' title='bbox 790 2098 846 2151; x_wconf 89' lang='lat' dir='ltr'>dat.</span> <span class='ocrx_word' id='word_1_208' title='bbox 884 2096 1005 2165; x_wconf 86' lang='lat' dir='ltr'>Impedi-</span> 
     </span>
     <span class='ocr_line' id='line_1_28' title="bbox 150 2171 1006 2244; baseline -0.002 -18"><span class='ocrx_word' id='word_1_209' title='bbox 150 2174 186 2226; x_wconf 89' lang='lat' dir='ltr'>tis</span> <span class='ocrx_word' id='word_1_210' title='bbox 209 2175 332 2228; x_wconf 88' lang='lat' dir='ltr'>hostibus</span> <span class='ocrx_word' id='word_1_211' title='bbox 355 2179 469 2244; x_wconf 86' lang='lat' dir='ltr'>propter</span> <span class='ocrx_word' id='word_1_212' title='bbox 492 2193 524 2229; x_wconf 85' lang='lat' dir='ltr'>ca</span> <span class='ocrx_word' id='word_1_213' title='bbox 553 2192 623 2244; x_wconf 88' lang='lat' dir='ltr'>quac</span> <span class='ocrx_word' id='word_1_214' title='bbox 650 2174 777 2229; x_wconf 85' lang='lat' dir='ltr'>ferebant</span> <span class='ocrx_word' id='word_1_215' title='bbox 804 2188 887 2226; x_wconf 87' lang='lat' dir='ltr'>onera</span> <span class='ocrx_word' id='word_1_216' title='bbox 914 2171 1006 2225; x_wconf 88' lang='lat' dir='ltr'>subito</span> 
     </span>
     <span class='ocr_line' id='line_1_29' title="bbox 151 2249 1005 2320; baseline -0.001 -18"><span class='ocrx_word' id='word_1_217' title='bbox 151 2249 257 2320; x_wconf 86' lang='lat' dir='ltr'>duabus</span> <span class='ocrx_word' id='word_1_218' title='bbox 272 2251 360 2319; x_wconf 85' lang='lat' dir='ltr'>portis</span> <span class='ocrx_word' id='word_1_219' title='bbox 376 2252 545 2320; x_wconf 89' lang='lat' dir='ltr'>eruptionem</span> <span class='ocrx_word' id='word_1_220' title='bbox 563 2252 622 2305; x_wconf 91' lang='lat' dir='ltr'>fieri</span> <span class='ocrx_word' id='word_1_221' title='bbox 637 2251 726 2319; x_wconf 89' lang='lat' dir='ltr'>jubet.</span> <span class='ocrx_word' id='word_1_222' title='bbox 763 2250 878 2305; x_wconf 84' lang='lat' dir='ltr'>Factum</span> <span class='ocrx_word' id='word_1_223' title='bbox 896 2251 939 2302; x_wconf 82' lang='lat' dir='ltr'>est</span> <span class='ocrx_word' id='word_1_224' title='bbox 958 2265 1005 2316; x_wconf 88' lang='lat' dir='ltr'>op-</span> 
     </span>
     <span class='ocr_line' id='line_1_30' title="bbox 150 2323 1004 2397; baseline 0 -20"><span class='ocrx_word' id='word_1_225' title='bbox 150 2327 319 2397; x_wconf 70' lang='lat' dir='ltr'>portunitate</span> <span class='ocrx_word' id='word_1_226' title='bbox 341 2326 400 2394; x_wconf 88' lang='lat' dir='ltr'>loci,</span> <span class='ocrx_word' id='word_1_227' title='bbox 424 2327 542 2381; x_wconf 90' lang='lat' dir='ltr'>hostium</span> <span class='ocrx_word' id='word_1_228' title='bbox 572 2327 714 2381; x_wconf 89' lang='lat' dir='ltr'>inscientia</span> <span class='ocrx_word' id='word_1_229' title='bbox 740 2342 772 2380; x_wconf 85' lang='lat' dir='ltr'>ac</span> <span class='ocrx_word' id='word_1_230' title='bbox 801 2323 1004 2390; x_wconf 82' lang='lat' dir='ltr'>defatigatione,</span> 
     </span>
     <span class='ocr_line' id='line_1_31' title="bbox 150 2400 1006 2472; baseline -0.004 -18"><span class='ocrx_word' id='word_1_231' title='bbox 150 2402 253 2455; x_wconf 90' lang='lat' dir='ltr'>virtute</span> <span class='ocrx_word' id='word_1_232' title='bbox 266 2401 381 2456; x_wconf 89' lang='lat' dir='ltr'>militum</span> <span class='ocrx_word' id='word_1_233' title='bbox 399 2407 428 2458; x_wconf 90' lang='lat' dir='ltr'>et</span> <span class='ocrx_word' id='word_1_234' title='bbox 444 2403 615 2472; x_wconf 87' lang='lat' dir='ltr'>superiorum</span> <span class='ocrx_word' id='word_1_235' title='bbox 632 2418 784 2471; x_wconf 85' lang='lat' dir='ltr'>pugnarum</span> <span class='ocrx_word' id='word_1_236' title='bbox 803 2400 1006 2464; x_wconf 82' lang='lat' dir='ltr'>exercitatione,</span> 
     </span>
     <span class='ocr_line' id='line_1_32' title="bbox 150 2476 1006 2548; baseline -0.004 -17"><span class='ocrx_word' id='word_1_237' title='bbox 150 2482 182 2531; x_wconf 89' lang='lat' dir='ltr'>ut</span> <span class='ocrx_word' id='word_1_238' title='bbox 205 2493 240 2531; x_wconf 86' lang='lat' dir='ltr'>ne</span> <span class='ocrx_word' id='word_1_239' title='bbox 263 2495 346 2533; x_wconf 88' lang='lat' dir='ltr'>unum</span> <span class='ocrx_word' id='word_1_240' title='bbox 370 2480 481 2548; x_wconf 88' lang='lat' dir='ltr'>quidem</span> <span class='ocrx_word' id='word_1_241' title='bbox 507 2481 663 2534; x_wconf 88' lang='lat' dir='ltr'>nostrorum</span> <span class='ocrx_word' id='word_1_242' title='bbox 686 2480 819 2547; x_wconf 86' lang='lat' dir='ltr'>impetum</span> <span class='ocrx_word' id='word_1_243' title='bbox 843 2476 947 2529; x_wconf 86' lang='lat' dir='ltr'>ferrent</span> <span class='ocrx_word' id='word_1_244' title='bbox 975 2491 1006 2528; x_wconf 90' lang='lat' dir='ltr'>ac</span> 
     </span>
     <span class='ocr_line' id='line_1_33' title="bbox 150 2551 1006 2626; baseline -0.005 -17"><span class='ocrx_word' id='word_1_245' title='bbox 150 2554 245 2609; x_wconf 86' lang='lat' dir='ltr'>statim</span> <span class='ocrx_word' id='word_1_246' title='bbox 257 2559 336 2624; x_wconf 86' lang='lat' dir='ltr'>terga</span> <span class='ocrx_word' id='word_1_247' title='bbox 347 2561 493 2611; x_wconf 88' lang='lat' dir='ltr'>verterent.</span> <span class='ocrx_word' id='word_1_248' title='bbox 532 2558 606 2622; x_wconf 89' lang='lat' dir='ltr'>Quos</span> <span class='ocrx_word' id='word_1_249' title='bbox 617 2556 764 2626; x_wconf 88' lang='lat' dir='ltr'>impeditos</span> <span class='ocrx_word' id='word_1_250' title='bbox 775 2553 891 2620; x_wconf 84' lang='lat' dir='ltr'>integris</span> <span class='ocrx_word' id='word_1_251' title='bbox 903 2551 1006 2605; x_wconf 90' lang='lat' dir='ltr'>viribus</span> 
     </span>
     <span class='ocr_line' id='line_1_34' title="bbox 150 2627 1006 2700; baseline -0.004 -18"><span class='ocrx_word' id='word_1_252' title='bbox 150 2630 252 2683; x_wconf 86' lang='lat' dir='ltr'>milites</span> <span class='ocrx_word' id='word_1_253' title='bbox 270 2632 355 2685; x_wconf 89' lang='lat' dir='ltr'>nostri</span> <span class='ocrx_word' id='word_1_254' title='bbox 373 2633 508 2687; x_wconf 86' lang='lat' dir='ltr'>consecuti</span> <span class='ocrx_word' id='word_1_255' title='bbox 524 2650 652 2700; x_wconf 83' lang='lat' dir='ltr'>magnum</span> <span class='ocrx_word' id='word_1_256' title='bbox 669 2646 810 2685; x_wconf 88' lang='lat' dir='ltr'>numerum</span> <span class='ocrx_word' id='word_1_257' title='bbox 827 2644 922 2681; x_wconf 90' lang='lat' dir='ltr'>eorum</span> <span class='ocrx_word' id='word_1_258' title='bbox 938 2627 1006 2681; x_wconf 90' lang='lat' dir='ltr'>occi-</span> 
     </span>
     <span class='ocr_line' id='line_1_35' title="bbox 150 2703 1053 2777; baseline -0.004 -19"><span class='ocrx_word' id='word_1_259' title='bbox 150 2704 268 2770; x_wconf 87' lang='lat' dir='ltr'>dcrunt;</span> <span class='ocrx_word' id='word_1_260' title='bbox 288 2707 407 2775; x_wconf 84' lang='lat' dir='ltr'>reliquos</span> <span class='ocrx_word' id='word_1_261' title='bbox 418 2710 525 2777; x_wconf 88' lang='lat' dir='ltr'>equites</span> <span class='ocrx_word' id='word_1_262' title='bbox 538 2708 686 2762; x_wconf 87' lang='lat' dir='ltr'>consectati</span> <span class='ocrx_word' id='word_1_263' title='bbox 702 2722 802 2777; x_wconf 85' lang='lat' dir='ltr'>paucos</span> <span class='ocrx_word' id='word_1_264' title='bbox 818 2703 866 2773; x_wconf 92' lang='lat' dir='ltr'>qui</span> <span class='ocrx_word' id='word_1_265' title='bbox 885 2719 920 2757; x_wconf 85' lang='lat' dir='ltr'>ex</span> <span class='ocrx_word' id='word_1_266' title='bbox 940 2703 1006 2770; x_wconf 86' lang='lat' dir='ltr'>fuga</span> <span class='ocrx_word' id='word_1_267' title='bbox 1049 2757 1053 2766; x_wconf 27' lang='grc' dir='ltr'><strong>Δ</strong></span> 
     </span>
     <span class='ocr_line' id='line_1_36' title="bbox 149 2778 1004 2853; baseline -0.004 -21"><span class='ocrx_word' id='word_1_268' title='bbox 149 2787 293 2836; x_wconf 87' lang='lat' dir='ltr'>evaserant</span> <span class='ocrx_word' id='word_1_269' title='bbox 315 2784 506 2853; x_wconf 63' lang='lat' dir='ltr'>reliquerunt⁸⁴</span> <span class='ocrx_word' id='word_1_270' title='bbox 529 2785 574 2839; x_wconf 85' lang='lat' dir='ltr'>Sic</span> <span class='ocrx_word' id='word_1_271' title='bbox 596 2800 651 2837; x_wconf 92' lang='lat' dir='ltr'>uno</span> <span class='ocrx_word' id='word_1_272' title='bbox 674 2787 798 2851; x_wconf 89' lang='lat' dir='ltr'>tempore</span> <span class='ocrx_word' id='word_1_273' title='bbox 816 2785 845 2833; x_wconf 88' lang='lat' dir='ltr'>et</span> <span class='ocrx_word' id='word_1_274' title='bbox 863 2778 898 2831; x_wconf 89' lang='lat' dir='ltr'>de</span> <span class='ocrx_word' id='word_1_275' title='bbox 916 2779 1004 2830; x_wconf 89' lang='lat' dir='ltr'>navali</span> 
     </span>
     <span class='ocr_line' id='line_1_37' title="bbox 149 2852 1005 2924; baseline -0.007 -16"><span class='ocrx_word' id='word_1_276' title='bbox 149 2872 242 2924; x_wconf 84' lang='lat' dir='ltr'>pugna</span> <span class='ocrx_word' id='word_1_277' title='bbox 258 2858 373 2912; x_wconf 84' lang='lat' dir='ltr'>Sabinus</span> <span class='ocrx_word' id='word_1_278' title='bbox 392 2861 471 2914; x_wconf 86' lang='lat' dir='ltr'>etde</span> <span class='ocrx_word' id='word_1_279' title='bbox 487 2860 580 2914; x_wconf 82' lang='lat' dir='ltr'>Sabini</span> <span class='ocrx_word' id='word_1_280' title='bbox 597 2859 711 2914; x_wconf 72' lang='lat' dir='ltr'>motoria</span> <span class='ocrx_word' id='word_1_281' title='bbox 727 2859 827 2912; x_wconf 79' lang='lat' dir='ltr'>Caesar</span> <span class='ocrx_word' id='word_1_282' title='bbox 846 2856 888 2908; x_wconf 89' lang='lat' dir='ltr'>est</span> <span class='ocrx_word' id='word_1_283' title='bbox 906 2852 1005 2905; x_wconf 88' lang='lat' dir='ltr'>certior</span> 
     </span>
     <span class='ocr_line' id='line_1_38' title="bbox 148 2927 998 3003; baseline -0.008 -19"><span class='ocrx_word' id='word_1_284' title='bbox 148 2932 244 2998; x_wconf 86' lang='lat' dir='ltr'>factus,</span> <span class='ocrx_word' id='word_1_285' title='bbox 256 2934 436 3003; x_wconf 88' lang='lat' dir='ltr'>civitatesque</span> <span class='ocrx_word' id='word_1_286' title='bbox 449 2952 542 2988; x_wconf 88' lang='lat' dir='ltr'>omncs</span> <span class='ocrx_word' id='word_1_287' title='bbox 554 2952 583 2988; x_wconf 89' lang='lat' dir='ltr'>se</span> <span class='ocrx_word' id='word_1_288' title='bbox 596 2935 690 2988; x_wconf 88' lang='lat' dir='ltr'>statim</span> <span class='ocrx_word' id='word_1_289' title='bbox 706 2933 812 2987; x_wconf 79' lang='lat' dir='ltr'>Titurio</span> <span class='ocrx_word' id='word_1_290' title='bbox 830 2927 998 2983; x_wconf 87' lang='lat' dir='ltr'>dediderunt</span> 
     </span>
     <span class='ocr_line' id='line_1_39' title="bbox 149 3008 1003 3085; baseline -0.011 -25"><span class='ocrx_word' id='word_1_291' title='bbox 149 3008 176 3060; x_wconf 93' lang='lat' dir='ltr'>N</span> <span class='ocrx_word' id='word_1_292' title='bbox 177 3025 221 3061; x_wconf 90' lang='lat' dir='ltr'>am</span> <span class='ocrx_word' id='word_1_293' title='bbox 233 3012 265 3062; x_wconf 93' lang='lat' dir='ltr'>ut</span> <span class='ocrx_word' id='word_1_294' title='bbox 277 3010 313 3063; x_wconf 89' lang='lat' dir='ltr'>ad</span> <span class='ocrx_word' id='word_1_295' title='bbox 324 3010 396 3063; x_wconf 84' lang='lat' dir='ltr'>bella</span> <span class='ocrx_word' id='word_1_296' title='bbox 409 3010 581 3078; x_wconf 85' lang='lat' dir='ltr'>suscipienda</span> <span class='ocrx_word' id='word_1_297' title='bbox 592 3011 731 3064; x_wconf 85' lang='lat' dir='ltr'>Gallorum</span> <span class='ocrx_word' id='word_1_298' title='bbox 743 3008 833 3061; x_wconf 89' lang='lat' dir='ltr'>alacer</span> <span class='ocrx_word' id='word_1_299' title='bbox 846 3020 878 3057; x_wconf 92' lang='lat' dir='ltr'>ac</span> <span class='ocrx_word' id='word_1_300' title='bbox 893 3016 1003 3085; x_wconf 65' lang='lat' dir='ltr'>promn-</span> 
     </span>
     <span class='ocr_line' id='line_1_40' title="bbox 148 3075 1005 3153; baseline -0.016 -16"><span class='ocrx_word' id='word_1_301' title='bbox 148 3089 195 3137; x_wconf 89' lang='lat' dir='ltr'>tus</span> <span class='ocrx_word' id='word_1_302' title='bbox 207 3088 250 3138; x_wconf 88' lang='lat' dir='ltr'>est</span> <span class='ocrx_word' id='word_1_303' title='bbox 262 3086 374 3153; x_wconf 86' lang='lat' dir='ltr'>animus,</span> <span class='ocrx_word' id='word_1_304' title='bbox 382 3087 425 3139; x_wconf 84' lang='lat' dir='ltr'>sic</span> <span class='ocrx_word' id='word_1_305' title='bbox 437 3086 524 3139; x_wconf 89' lang='lat' dir='ltr'>mollis</span> <span class='ocrx_word' id='word_1_306' title='bbox 537 3102 569 3138; x_wconf 90' lang='lat' dir='ltr'>ac</span> <span class='ocrx_word' id='word_1_307' title='bbox 580 3085 691 3138; x_wconf 89' lang='lat' dir='ltr'>minime</span> <span class='ocrx_word' id='word_1_308' title='bbox 704 3084 834 3137; x_wconf 85' lang='lat' dir='ltr'>resistens</span> <span class='ocrx_word' id='word_1_309' title='bbox 846 3077 881 3131; x_wconf 86' lang='lat' dir='ltr'>ad</span> <span class='ocrx_word' id='word_1_310' title='bbox 896 3075 1005 3128; x_wconf 86' lang='lat' dir='ltr'>calarm-</span> 
     </span>
    </p>
   </div>
   <div class='ocr_carea' id='block_1_7' title="bbox 149 3160 669 3281">
    <p class='ocr_par' dir='ltr' id='par_1_7' title="bbox 149 3160 669 3281">
     <span class='ocr_line' id='line_1_41' title="bbox 149 3160 669 3228; baseline -0.002 -15"><span class='ocrx_word' id='word_1_311' title='bbox 149 3163 222 3213; x_wconf 76' lang='lat' dir='ltr'>tatcs</span> <span class='ocrx_word' id='word_1_312' title='bbox 234 3160 412 3228; x_wconf 77' lang='lat' dir='ltr'>perferendas</span> <span class='ocrx_word' id='word_1_313' title='bbox 424 3178 501 3214; x_wconf 85' lang='lat' dir='ltr'>mens</span> <span class='ocrx_word' id='word_1_314' title='bbox 512 3175 607 3214; x_wconf 82' lang='lat' dir='ltr'>eonun</span> <span class='ocrx_word' id='word_1_315' title='bbox 619 3162 669 3213; x_wconf 87' lang='lat' dir='ltr'>est.</span> 
     </span>
     <span class='ocr_line' id='line_1_42' title="bbox 199 3239 213 3281; baseline 0 -3"><span class='ocrx_word' id='word_1_316' title='bbox 199 3239 213 3281; x_wconf 79' lang='lat'><strong>5</strong></span> 
     </span>
    </p>
   </div>
   <div class='ocr_carea' id='block_1_8' title="bbox 0 0 1092 3409">
    <p class='ocr_par' dir='ltr' id='par_1_8' title="bbox 0 0 1092 3409">
     <span class='ocr_line' id='line_1_43' title="bbox 0 0 1092 3409; baseline 0 0"><span class='ocrx_word' id='word_1_317' title='bbox 0 0 1092 3409; x_wconf 95' lang='lat' dir='ltr'> </span> 
     </span>
    </p>
   </div>
  </div>
 </body>
</html>
