2175 3409
518 114 628 163 LIBER
645 116 667 163 1.
984 118 1015 163 19

162 191 217 248 subi
229 190 331 246 Caesar
342 189 518 247 denuntiaret
532 210 563 248 sa
577 194 760 249 Aeduorum
752 195 867 283 mJ'urias
880 210 935 248 non
949 210 1015 263 ueg-

161 269 306 336 lecturum,
317 267 454 321 neminem
470 285 562 323 secum
574 271 632 325 sine
643 286 692 325 sua
703 270 823 339 pernicie
834 270 1015 325 contendisse

163 344 255 408 Quum
271 309 354 399 vellet
369 344 599 412 congrederetur:
617 348 819 402 intellecturum
837 347 905 415 quid
920 347 1015 401 invicti

162 420 300 489 Germani,
315 420 560 475 exercitatissimi
553 441 580 477 ιιι
599 425 689 489 armis,
707 424 754 491 qui
772 423 846 476 inter
862 438 947 477 annos
965 438 1014 476 ιιιι

161 501 267 552 tectum
280 514 334 552 uon
345 496 490 565 subissent,
502 499 607 553 virtute
619 503 738 570 possent.
761 560 765 567 ¹

214 580 255 633 37.
292 574 371 629 Haec
385 574 482 629 eodem
497 579 623 645 tempore
638 576 747 630 Caesari
765 575 895 630 mandata
912 576 1014 629 refere-

161 649 263 704 bantur
283 653 312 704 et
335 651 419 719 legati
439 651 474 705 ab
496 652 602 706 Aeduis
623 656 652 706 et
673 668 690 705 a
710 652 828 705 Treviris
849 650 1013 706 veniebant:

164 726 256 781 Aedui
276 730 405 795 questum
424 728 499 797 quod
519 729 649 783 Harudes
671 729 718 798 qui
741 744 828 797 nuper
848 728 876 780 in
897 727 1013 781 Galliam

161 801 342 872 transportati
360 806 453 857 essent
469 805 537 859 fines
556 822 650 860 eorum
668 805 864 874 popularentur
874 826 881 870 ;
900 820 960 857 sese
978 820 1013 857 no

99 894 104 906 ¹
160 877 303 931 obsidibus
320 878 432 946 quidem
448 879 521 933 datis
534 898 630 949 pacem
643 881 775 935 ananau
786 881 923 934 redimere
933 883 1013 947 pctu-

160 952 231 1007 isse:
249 954 354 1008 Treviri
371 958 465 1009 autem
486 972 571 1024 pagos
589 962 698 1011 eentum
717 957 867 1011 Suevorum
885 956 921 1009 ad
938 956 1012 1024 ripas

162 1028 252 1082 Rheni
267 1029 424 1084 consedisse
436 1031 484 1099 qui
496 1032 624 1087 Rhenum
639 1033 757 1087 transire
772 1036 952 1096 conarentur;
970 1032 1012 1084 bis

146 1119 289 1173 praeesse
303 1105 329 1158 N
331 1121 425 1159 ιιιιιιιι
441 1110 470 1161 et
487 1107 654 1162 Cimberium
670 1109 777 1162 iratres.
815 1107 920 1171 Quibus
931 1107 1012 1160 rebus

161 1181 264 1236 caesar
279 1183 455 1238 vehementer
471 1179 622 1239 commotus
640 1185 834 1239 maturandum
851 1183 903 1238 sibi
920 1184 1012 1237 existi-

160 1258 254 1326 mavit,
262 1275 305 1327 ne,
314 1258 336 1313 si
349 1276 420 1313 ιιοιι
431 1277 527 1314 manus
540 1261 691 1315 Suevorum
704 1278 765 1315 cum
778 1258 917 1314 veteribus
928 1260 1011 1328 copiis

162 1332 294 1388 Ariovisti
312 1352 372 1389 sese
390 1335 583 1405 conjunxisset,
601 1337 690 1390 minus
708 1336 786 1390 facile
803 1336 893 1389 resisti
910 1340 1010 1403 posset.

161 1408 262 1477 Itaque
273 1425 305 1478 re
316 1411 494 1465 frumentaria
506 1429 588 1480 quam
601 1413 741 1466 celerrime
752 1412 842 1481 potuit
854 1416 1011 1480 comparata

159 1485 265 1552 magnis
277 1485 421 1539 itineribus
433 1487 470 1540 ad
482 1488 649 1542 Ariovistum
663 1488 809 1542 contendit.

213 1565 253 1614 38.
290 1561 380 1626 Quum
400 1562 486 1617 tridui
503 1563 575 1617 viam
593 1564 776 1632 processisset,
794 1564 949 1618 nuntiatum
966 1568 1011 1618 est

160 1634 187 1688 ei
202 1636 372 1690 Ariovistum
390 1654 451 1692 cum
466 1639 522 1694 suris
538 1639 663 1693 omnibus
678 1639 762 1709 copiis
776 1640 812 1693 ad
824 1638 1009 1709 occupandum

160 1710 363 1780 Vesontionem,
371 1714 446 1782 quod
457 1717 502 1769 est
511 1715 642 1784 oppidum
656 1716 804 1769 maximum
817 1715 1009 1785 Sequanorum,

159 1788 325 1843 contendere
337 1789 477 1858 triduique
489 1791 561 1844 viam
573 1808 590 1844 a
602 1792 658 1844 saris
669 1791 769 1845 finibus
784 1792 937 1860 profecisse.
974 1790 1010 1843 ld

159 1878 195 1916 ne
214 1863 352 1918 accideret
371 1880 470 1934 magno
491 1882 574 1935 opero
595 1867 647 1920 sibi
670 1867 888 1936 praecavendum
909 1867 1010 1920 Caesar

159 1938 342 1994 existimabat.
376 1940 402 1993 N
404 1957 502 2009 amque
519 1942 640 1996 omniurn
657 1959 749 1997 rerum
767 1959 837 2011 qnae
855 1942 891 1995 ad
908 1941 1009 1995 bellum

158 2015 220 2067 suni
240 2018 320 2068 erant
343 2032 449 2069 summa
472 2016 581 2071 cratin
605 2035 637 2071 eo
660 2018 760 2089 oppido
783 2018 905 2084 facultas,
924 2018 1008 2086 idque

158 2092 258 2144 natura
275 2091 367 2145 loci
346 2108 384 2145 src
403 2092 628 2148 muniebaturt
596 2098 628 2148 ut
649 2111 775 2163 magnam
796 2093 833 2148 ad
854 2093 1009 2147 ducendum

159 2163 259 2220 bellum
272 2166 353 2221 daret
364 2168 522 2223 fucultatem
523 2174 685 2239 ,prepterea
697 2169 770 2240 quod
780 2170 880 2224 flumen
890 2168 1009 2222 Alduas·

84 2260 90 2271 ·
159 2239 241 2295 dubis
258 2245 291 2296 ut
309 2242 409 2296 circino
428 2244 596 2299 circumduct
584 2250 643 2299 tum
661 2262 747 2315 paone
767 2248 857 2300 toturn
877 2244 1006 2313 oppidum

159 2315 261 2383 cingit,
278 2318 414 2387 reliquum
425 2321 550 2388 spatium,
562 2320 636 2390 quod
651 2324 695 2375 est
709 2337 762 2374 non
776 2319 891 2387 anaplius
905 2318 1007 2387 pedum

159 2404 195 2445 uo
210 2408 265 2459 qua
280 2392 380 2448 flumen
395 2394 563 2463 intermittit,
576 2413 654 2450 mons
670 2396 792 2449 continet
808 2410 906 2461 magna
917 2394 1009 2448 altitu·

159 2466 231 2535 dine,
254 2467 294 2522 itu
316 2471 349 2522 ut
370 2470 477 2524 radices
499 2472 601 2526 montis
623 2487 658 2525 ex
681 2474 800 2538 utraque
825 2473 904 2537 perte
932 2468 1009 2537 ripae

159 2540 277 2596 fluminis
295 2544 461 2614 contingant.
497 2547 580 2601 Hunc
598 2563 693 2601 murus
713 2545 897 2601 circumdatus
917 2561 1006 2599 arcem

158 2616 241 2671 efficit
261 2621 290 2673 ct
311 2635 373 2673 cum
393 2621 493 2690 oppido
514 2623 661 2691 conjungit.
698 2623 761 2676 Huc
780 2622 880 2676 Caesar
902 2621 1008 2688 magnis

158 2768 258 2837 oppido
268 2768 306 2823 ibi
318 2771 485 2839 praesidium
497 2773 618 2829 collocat.

210 2848 250 2898 39.
287 2844 361 2901 Dum
378 2861 478 2915 paucos
494 2848 554 2902 dies
570 2849 607 2903 ad
626 2850 817 2905 Vesontionem
832 2847 873 2901 rei
888 2846 1007 2900 frumen-

157 2918 244 2973 tariae
263 2927 485 2991 commeatusque
503 2940 584 2978 causa
602 2931 733 2994 moratur,
751 2942 786 2979 ex
804 2923 1007 2993 percontatione

157 2998 314 3049 nostrorum
341 2997 506 3067 vocibusque
529 3000 669 3055 Gallorum
691 3017 724 3054 ac
746 3002 935 3063 mercatorum,
959 2999 1007 3065 qui

157 3068 265 3137 ingenti
291 3073 480 3139 magnitudine
506 3091 649 3142 corporum
673 3078 831 3141 Germanos,
854 3071 1007 3126 incredibili

157 3144 263 3199 virtute
280 3147 365 3214 atque
379 3148 574 3203 exercitatione
591 3150 620 3203 in
635 3152 718 3204 arinis
734 3166 793 3205 csse
804 3146 1007 3218 praedicabant,
1076 3179 1087 3235 q
