2175 3409
74 105 123 152 126
331 100 358 150 O.
376 100 395 149 J
397 100 480 151 ULII
497 100 672 150 CAESARIS

75 184 159 249 atque
177 180 308 235 itinerum
331 180 475 247 angustiae
497 179 670 234 multitudini
688 178 789 247 fugam
801 179 932 234 interclu-

76 260 177 312 seraut
214 255 354 324 Oppidum
371 255 468 324 diripit
480 259 564 324 atque
576 255 706 321 incendit,
718 255 851 324 praedam
862 255 931 309 mili-

75 334 161 388 tibus⁴
179 331 271 396 donat,
295 331 447 386 exercitum
471 332 594 401 Ligerim
617 330 772 386 transducit
795 334 879 399 atque
902 332 931 385 in

77 409 234 477 Biturigum
246 408 315 461 fines
326 408 459 476 pervenit.

130 489 169 538 12.
204 483 425 551 Vercingetorix,
448 483 496 537 ubi
518 483 554 537 de
575 484 702 539 Caesaris
725 483 846 538 adventu
870 500 931 552 cog·

75 559 159 627 novit,
173 558 377 628 oppugnatione
393 558 502 614 destitit
517 563 600 627 atque
615 559 724 613 obviam
741 559 853 614 Caesari
870 577 931 629 pro

76 635 214 689 ficiscitur.
251 634 304 687 llle
331 634 462 704 oppidum
490 634 649 703 Biturigum
677 635 797 703 positum
823 636 852 688 in
888 636 931 689 uia

76 710 271 766 Noviodunum
295 726 456 779 oppugnare
480 711 646 765 instituerat
683 710 743 776 Quo
766 728 802 765 ex
828 711 930 780 oppido

76 803 161 855 quum
177 786 261 855 legati
271 786 308 840 ad
320 803 383 840 eum
395 786 534 841 venissent
547 790 655 840 oratum
666 790 700 841 ut
712 785 765 841 sibi
777 787 930 855 ignosceret

76 879 196 932 atraeque
215 863 288 917 vitae
318 862 480 929 consuleret,
504 865 536 916 ut
565 862 708 918 eeleritate
736 863 856 931 reliquas
885 879 930 916 res

76 939 223 994 conficeret
240 955 295 1008 qua
310 938 442 1007 pleraque
454 942 515 993 erat
527 942 697 1005 consecutus,
710 955 788 993 arma
804 939 929 1007 proferri,

76 1031 160 1084 equos
177 1015 299 1085 produci,
318 1013 428 1069 obsides
441 1013 501 1068 dari
509 1014 601 1083 jubet.
636 1014 719 1069 Parte
730 1014 789 1083 jam
801 1014 928 1068 obsidum

75 1092 188 1160 tradita,
207 1108 292 1161 quum
310 1091 416 1160 reliqua
439 1091 707 1160 administrarentur,
724 1091 929 1146 centurionibus

76 1170 106 1221 et
123 1167 217 1236 paucis
234 1166 369 1220 militibus
393 1166 558 1221 intromissis
581 1167 629 1236 qui
652 1183 729 1221 anna
747 1167 929 1236 jumentaque

74 1243 275 1315 conquirerent,
294 1243 434 1311 equitatus
453 1241 573 1296 bostium
596 1243 691 1312 procul
717 1243 792 1297 visus
815 1246 859 1297 est
881 1243 929 1311 qui

75 1335 173 1387 agmmr
182 1318 419 1386 Vercingetorigis
430 1321 625 1373 antecesserat
661 1319 747 1385 Quem
755 1318 836 1372 simul
844 1321 928 1386 atque

75 1394 204 1463 oppidani
222 1398 425 1462 conspexerrmt
442 1397 527 1463 atque
541 1394 572 1452 in
587 1411 663 1464 spem
680 1394 772 1448 auxilii
785 1397 927 1463 venerunt,

75 1470 193 1523 clamore
212 1468 320 1523 sublato
338 1486 415 1523 arma
432 1483 538 1538 capere,
555 1474 650 1539 portas
668 1470 803 1539 claudere,
818 1487 927 1524 murum

75 1546 212 1614 complere
229 1549 387 1614 coeperunt.
424 1545 607 1601 Centuriones
625 1547 653 1600 in
671 1546 773 1617 oppido
790 1563 875 1615 quum
892 1563 927 1601 ex

75 1620 274 1689 significatione
289 1621 428 1675 Gallorum
445 1622 508 1675 novi
525 1622 630 1690 aliquid
646 1621 682 1676 ab
693 1622 736 1676 his
747 1621 812 1675 iniri
822 1622 926 1677 consilii

75 1696 282 1766 intellexissent,
311 1697 409 1765 gladiis
435 1696 577 1753 destrictis
606 1702 702 1768 portas
725 1701 928 1767 occupavemnt

75 1788 195 1841 suosque
206 1789 302 1827 omnes
313 1772 461 1828 incolumes
473 1777 646 1843 receperunt.

128 1854 168 1903 13.
204 1848 306 1903 Caesar
317 1865 352 1902 ex
370 1850 466 1904 eastris
484 1851 639 1917 equitatum
656 1848 735 1906 educi
747 1849 832 1918 jubet
849 1866 928 1919 proe-

74 1925 196 1994 liumque
219 1928 355 1992 ‚equestre
378 1925 526 1980 committit
533 1944 541 1991 ;
564 1925 753 1980 laborantibus
781 1925 841 1993 jam
871 1927 928 1980 suis

75 2001 227 2055 Germanos
240 2001 346 2069 equites
358 2001 468 2055 circiter
480 2016 544 2055 ccco
558 2002 706 2068 submittit,
719 2018 788 2069 quos
799 2002 835 2055 ab
849 2001 927 2056 initio

73 2094 166 2132 secum
183 2076 285 2131 habere
301 2077 466 2132 instituerat.
503 2077 606 2131 Eorum
625 2078 759 2147 impetum
780 2078 851 2132 Galli
870 2094 928 2132 sus

73 2155 163 2209 tinere
182 2170 236 2208 non
249 2157 408 2222 potuerunt,
429 2156 514 2221 atque
534 2154 563 2207 in
582 2154 675 2222 fugam
696 2154 813 2222 conjecti
833 2154 927 2208 multis

73 2230 180 2284 amissis
209 2246 239 2285 66
267 2229 304 2283 ad
328 2245 425 2298 agmen
448 2233 625 2299 receperunt:
650 2229 750 2298 quibus
775 2230 927 2299 profligatis

73 2322 169 2361 rursus
193 2305 322 2375 oppidani
342 2305 482 2374 perterriti
503 2305 713 2375 comprehensos
732 2322 786 2374 eos,
810 2322 926 2375 quorum

73 2398 156 2450 opera
175 2382 284 2452 plebem
303 2381 468 2435 concitatam
488 2381 693 2451 existimabant,
712 2382 750 2436 ad
778 2382 926 2436 Caesarem

73 2458 262 2527 perduxerunt
292 2473 406 2526 seseque
436 2458 462 2512 ei
490 2456 667 2512 dediderunt.
704 2457 810 2523 Quibus
842 2457 927 2512 rebus

73 2533 205 2588 confectis
229 2532 332 2588 Caesar
354 2533 392 2587 ad
415 2533 547 2602 oppidum
574 2533 732 2602 Avaricum,
759 2533 835 2602 quod
865 2537 927 2588 erat

73 2610 221 2664 maximum
228 2608 496 2678 munitissimumque
507 2609 537 2662 in
548 2607 649 2665 finibus
667 2610 824 2677 Biturigum
840 2613 926 2677 atque

73 2686 132 2753 agri
144 2684 312 2740 fertilissima
323 2684 443 2754 regione,
454 2684 594 2754 proiectus
605 2689 649 2739 est
656 2706 663 2752 ;
682 2685 756 2756 quod
773 2702 806 2739 eo
823 2684 926 2754 oppido

72 2764 185 2828 recepto
206 2761 344 2815 civitatem
366 2760 525 2828 Biturigum
550 2760 629 2815 sein
648 2764 816 2831 potestatem
830 2760 926 2815 redac-

73 2838 166 2889 turum
179 2835 341 2890 confidebat

127 2915 168 2963 14.
204 2910 414 2978 Vercingetorix
425 2915 469 2966 tot
481 2912 616 2967 continuis
627 2913 804 2968 incommodis
813 2911 926 2967 Vellau-

73 2983 182 3049 noduni,
200 2983 311 3051 Genabi,
331 2986 488 3041 Novioduni
506 2988 627 3056 acceptis
646 3005 709 3043 suos
727 2989 764 3042 ad
781 2989 925 3044 concilium

73 3062 209 3110 convocat.
246 3058 334 3113 Docet
345 3060 425 3128 longe
444 3062 616 3118 alienatione
628 3080 690 3118 6666
707 3064 810 3118 bellum
827 3081 925 3132 geren-

75 3129 141 3180 dum
156 3135 239 3197 atque
256 3136 339 3187 antea
356 3134 393 3188 sit
409 3140 533 3203 gestum:
553 3139 680 3196 omnibus
697 3141 786 3195 modis
803 3140 866 3195 huic
883 3142 926 3196 rei
