2175 3409
452 510 571 565 LIBER
589 510 770 568 OCTAVUS.

567 698 668 729 -4-

184 859 309 914 Coactus
328 855 444 911 assiduis
460 855 516 910 tuis
532 854 650 923 vocibus,
667 854 762 922 Balbe,
777 869 862 924 quum
878 854 1037 924 quotidiana

182 951 244 989 mea
255 935 390 988 recusatio
401 949 456 987 non
465 930 635 985 difficirltatis
643 931 853 999 excusationem,
863 930 913 985 sed
921 932 1037 985 inertiae

183 1011 325 1065 videretur
342 1008 564 1078 deprecationem
578 1006 688 1075 babere,
702 1006 887 1061 difficillimam
902 1023 961 1060 rem
978 1023 1037 1061 sus

183 1087 252 1156 cepi.
288 1085 412 1140 Caesaris
434 1083 522 1142 nostri
544 1082 754 1137 commentarios
776 1099 870 1136 rerum
896 1085 1037 1151 gestarum

184 1162 297 1227 Galliae,
311 1177 365 1215 uon
382 1159 580 1229 comparandos
594 1158 781 1229 superioribus
796 1162 880 1227 atque
895 1158 1038 1227 insequen-

183 1236 295 1292 tibus
271 1253 332 1306 ejus
344 1237 459 1305 scriptis,
473 1236 609 1302 contexui,
625 1234 856 1304 novissimumque
870 1233 945 1304 [ac]
937 1251 1036 1303 imper-

182 1315 286 1368 fectum
310 1312 345 1366 ab
368 1312 451 1367 rebus
468 1313 555 1381 gestis
574 1309 759 1365 Alexandriae
776 1311 879 1365 confeci
897 1311 1037 1390 usquead

183 1391 240 1444 exit
241 1406 287 1444 um
299 1388 477 1458 uonouidem
489 1387 575 1442 civilis
591 1387 767 1440 dissensionis
768 1386 865 1456 ‚cnjus
879 1369 960 1440 fidem
977 1387 1036 1440 uul-

182 1465 239 1519 lum
262 1465 395 1531 videmus,
420 1463 470 1518 sed
493 1465 568 1518 vitae
590 1462 723 1517 Caesaris.
759 1463 877 1552 Quosu
857 1462 962 1516 utinam
988 1463 1036 1532 qui

181 1542 274 1611 legent
286 1542 356 1596 scire
367 1505 480 1610 pbssint,
490 1556 573 1609 quam
585 1539 686 1592 invitus
695 1539 860 1609 susceperim
870 1538 1035 1611 scribendos,

182 1635 236 1687 quo
248 1618 353 1672 facilius
365 1631 472 1671 caream
485 1615 620 1670 stultitiae
632 1618 716 1683 atque
727 1615 906 1684 adrogantiae
922 1616 1036 1670 crimine

183 1695 230 1763 qui
253 1709 298 1749 me
321 1693 420 1747 mediis
441 1690 651 1760 interposuerim
671 1691 793 1745 Caesaris
812 1692 926 1760 seriptis.
965 1692 1035 1747 Con-

182 1773 240 1824 stat
259 1770 331 1824 enim
348 1768 423 1823 iuter
443 1784 538 1823 omnes
556 1766 624 1820 nihil
642 1770 700 1821 tam
717 1783 830 1835 operose
848 1765 883 1821 ab
900 1767 959 1821 aliis
976 1784 1036 1822 esse

182 1847 335 1915 perfectum
353 1845 428 1914 quod
445 1860 500 1898 non
515 1842 614 1897 horum
630 1843 766 1911 elegantia
781 1843 1035 1897 commentariorum

183 1924 334 1991 superetur.
371 1920 425 1985 Qui
444 1923 510 1975 sunt
526 1919 594 1974 editi
609 1935 644 1973 ne
660 1918 775 1973 scientia
789 1922 928 1973 tantarum
943 1935 1036 1973 rerum

181 1997 361 2066 scriptoribus
372 1995 490 2063 deesset,
503 1994 627 2064 adeoque
638 1993 791 2064 probantur
801 1994 921 2047 omnium
929 1994 1036 2061 judicio

181 2077 214 2128 ut
225 2075 371 2142 praerepta
382 2088 437 2126 non
447 2071 574 2141 praebita
585 2070 701 2124 facultas
713 2068 891 2138 scriptoribus
901 2069 1034 2125 videatur.

183 2149 269 2218 Cujus
288 2152 382 2203 minen
406 2149 447 2201 rei
470 2146 559 2216 major
582 2151 677 2201 nostra
699 2163 781 2215 quam
804 2145 970 2214 reliquorum
993 2150 1036 2200 est

182 2225 340 2280 admiratio:
359 2224 444 2279 ceteri
456 2225 529 2278 enim
542 2239 624 2291 quam
635 2221 707 2276 bene
720 2226 805 2291 atque
824 2220 975 2283 emendate
987 2238 1036 2276 nos

182 2302 265 2356 etiam
277 2316 358 2370 quam
370 2300 450 2354 facile
466 2303 550 2368 atque
566 2298 694 2353 celeriter
709 2315 755 2352 eos
769 2297 916 2367 perfecerit
930 2300 1035 2353 scimus.

182 2378 251 2431 Erat
268 2379 361 2430 autem
378 2376 407 2430 in
425 2376 543 2430 Caesare
561 2391 646 2443 quum
664 2374 780 2429 facultas
798 2377 882 2443 atquo
900 2373 1036 2442 elegantia

182 2468 287 2506 summa
298 2451 443 2520 scribendi,
455 2455 514 2506 tum
526 2450 668 2504 verissima
681 2450 796 2504 scientia
808 2467 919 2505 suonam
932 2450 1037 2505 consili-

181 2545 259 2582 orum
271 2527 503 2596 explicandorum.
538 2526 609 2579 Mihi
624 2542 659 2580 no
673 2526 743 2580 illud
761 2527 874 2596 quidem
889 2526 989 2581 accidit
1004 2528 1037 2579 ut

85 2636 88 2640 -
182 2603 371 2674 Alexapdrino
395 2606 479 2672 atque
506 2603 636 2657 Africano
665 2601 738 2655 bello
766 2603 944 2669 interessem
967 2618 1037 2672 quae

180 2678 254 2733 bella
270 2695 435 2748 quamquam
453 2696 487 2733 ex
505 2682 586 2748 parte
602 2677 681 2732 nobis
699 2679 824 2733 Caesaris
842 2696 967 2733 semrone
982 2675 1037 2733 sint

180 2759 253 2821 nota,
263 2759 356 2809 tamen
368 2755 449 2809 aliter
465 2755 592 2809 audimus
607 2770 640 2807 ea
655 2770 726 2822 quae
741 2771 835 2809 rerum
851 2755 973 2808 novitate
989 2756 1038 2807 ant

181 2831 364 2896 admiratione
386 2847 436 2884 nos
459 2832 578 2900 capiunt,
602 2830 683 2883 aliter
708 2847 779 2898 quae
805 2848 855 2901 pro
883 2830 1037 2885 testimonio

181 2924 274 2961 sumus
291 2907 400 2961 dicturi
437 2907 493 2962 Sed
510 2923 563 2975 ego
578 2905 715 2972 nimirum,
733 2905 800 2960 dum
820 2923 914 2961 omnes
926 2920 1038 2959 excusa-

180 2985 263 3039 tionis
274 3000 370 3039 causas
385 2983 483 3052 colligo
499 3000 534 3038 ne
550 2999 612 3036 cum
630 2981 747 3037 Caesare
763 2983 894 3049 conterar,
909 2982 961 3036 hoc
978 2982 1038 3047 ipso

181 3061 283 3114 crimen
296 3060 474 3128 adrogantiae
495 3059 579 3113 subeo
603 3057 679 3126 quod
697 3073 742 3111 me
758 3057 866 3126 J'udicio
878 3059 1038 3123 quusquam
1079 3061 1080 3064 ’

182 3137 338 3191 existimem
350 3152 432 3205 posse
447 3152 509 3189 cum
518 3135 642 3189 Caesare
653 3133 812 3201 comparari.
848 3130 924 3184 Vale.

994 3347 1017 3378 ‚A
