<?xml version="1.0" encoding="UTF-8"?>
<!DOCTYPE html PUBLIC "-//W3C//DTD XHTML 1.0 Transitional//EN"
    "http://www.w3.org/TR/xhtml1/DTD/xhtml1-transitional.dtd">
<html xmlns="http://www.w3.org/1999/xhtml" xml:lang="en" lang="en">
 <head>
  <title>
</title>
<meta http-equiv="Content-Type" content="text/html;charset=utf-8" />
  <meta name='ocr-system' content='tesseract 3.04.00' />
  <meta name='ocr-capabilities' content='ocr_page ocr_carea ocr_par ocr_line ocrx_word'/>
</head>
<body>
  <div class='ocr_page' id='page_1' title='image "./cjuliicaesarisc00longgoog_0145.png"; bbox 0 0 2175 3409; ppageno 0'>
   <div class='ocr_carea' id='block_1_1' title="bbox 489 106 1023 158">
    <p class='ocr_par' dir='ltr' id='par_1_1' title="bbox 489 106 1023 158">
     <span class='ocr_line' id='line_1_1' title="bbox 489 106 1023 158; baseline 0.007 -4"><span class='ocrx_word' id='word_1_1' title='bbox 489 108 601 154; x_wconf 60' lang='lat' dir='ltr'>ulline</span> <span class='ocrx_word' id='word_1_2' title='bbox 617 106 683 155; x_wconf 86' lang='lat' dir='ltr'>VH.</span> <span class='ocrx_word' id='word_1_3' title='bbox 977 112 1023 158; x_wconf 83' lang='lat'>135</span> 
     </span>
    </p>
   </div>
   <div class='ocr_carea' id='block_1_2' title="bbox 174 187 1026 1246">
    <p class='ocr_par' dir='ltr' id='par_1_2' title="bbox 174 187 1026 1093">
     <span class='ocr_line' id='line_1_2' title="bbox 174 187 1025 258; baseline -0.001 -14"><span class='ocrx_word' id='word_1_4' title='bbox 174 194 224 245; x_wconf 77' lang='lat' dir='ltr'>aut</span> <span class='ocrx_word' id='word_1_5' title='bbox 236 188 362 246; x_wconf 84' lang='lat' dir='ltr'>oratione</span> <span class='ocrx_word' id='word_1_6' title='bbox 378 188 492 242; x_wconf 85' lang='lat' dir='ltr'>subdola</span> <span class='ocrx_word' id='word_1_7' title='bbox 506 190 556 242; x_wconf 88' lang='lat' dir='ltr'>aut</span> <span class='ocrx_word' id='word_1_8' title='bbox 571 187 692 243; x_wconf 87' lang='lat' dir='ltr'>amicitia</span> <span class='ocrx_word' id='word_1_9' title='bbox 705 187 832 243; x_wconf 85' lang='lat' dir='ltr'>facillime</span> <span class='ocrx_word' id='word_1_10' title='bbox 847 188 908 258; x_wconf 90' lang='lat' dir='ltr'>capi</span> <span class='ocrx_word' id='word_1_11' title='bbox 923 193 1025 257; x_wconf 84' lang='lat' dir='ltr'>posset</span> 
     </span>
     <span class='ocr_line' id='line_1_3' title="bbox 176 263 1025 333; baseline 0 -13"><span class='ocrx_word' id='word_1_12' title='bbox 176 267 229 332; x_wconf 84' lang='lat' dir='ltr'>Qui</span> <span class='ocrx_word' id='word_1_13' title='bbox 254 265 370 319; x_wconf 87' lang='lat' dir='ltr'>Avarico</span> <span class='ocrx_word' id='word_1_14' title='bbox 388 267 544 332; x_wconf 78' lang='lat' dir='ltr'>expugnato</span> <span class='ocrx_word' id='word_1_15' title='bbox 563 264 729 333; x_wconf 72' lang='lat' dir='ltr'><strong>refugerant,</strong></span> <span class='ocrx_word' id='word_1_16' title='bbox 746 263 892 318; x_wconf 84' lang='lat' dir='ltr'>armandos</span> <span class='ocrx_word' id='word_1_17' title='bbox 909 266 1025 320; x_wconf 80' lang='lat' dir='ltr'>vestien-</span> 
     </span>
     <span class='ocr_line' id='line_1_4' title="bbox 175 339 1025 411; baseline -0.001 -16"><span class='ocrx_word' id='word_1_18' title='bbox 175 343 280 411; x_wconf 90' lang='lat' dir='ltr'>dosque</span> <span class='ocrx_word' id='word_1_19' title='bbox 298 343 383 395; x_wconf 87' lang='lat' dir='ltr'>curat.</span> <span class='ocrx_word' id='word_1_20' title='bbox 420 339 505 394; x_wconf 83' lang='lat' dir='ltr'>Simul</span> <span class='ocrx_word' id='word_1_21' title='bbox 523 343 556 394; x_wconf 91' lang='lat' dir='ltr'>ut</span> <span class='ocrx_word' id='word_1_22' title='bbox 573 340 730 395; x_wconf 76' lang='lat' dir='ltr'>deminutae</span> <span class='ocrx_word' id='word_1_23' title='bbox 745 340 839 409; x_wconf 89' lang='lat' dir='ltr'>copiae</span> <span class='ocrx_word' id='word_1_24' title='bbox 854 341 1025 408; x_wconf 83' lang='lat' dir='ltr'>redintegra-</span> 
     </span>
     <span class='ocr_line' id='line_1_5' title="bbox 174 416 1024 486; baseline 0 -15"><span class='ocrx_word' id='word_1_25' title='bbox 174 423 278 486; x_wconf 79' lang='lat' dir='ltr'>rentur,</span> <span class='ocrx_word' id='word_1_26' title='bbox 296 418 414 486; x_wconf 88' lang='lat' dir='ltr'>imperat</span> <span class='ocrx_word' id='word_1_27' title='bbox 432 419 538 469; x_wconf 87' lang='lat' dir='ltr'>certum</span> <span class='ocrx_word' id='word_1_28' title='bbox 559 433 703 470; x_wconf 90' lang='lat' dir='ltr'>numerum</span> <span class='ocrx_word' id='word_1_29' title='bbox 722 416 841 470; x_wconf 90' lang='lat' dir='ltr'>militum</span> <span class='ocrx_word' id='word_1_30' title='bbox 860 416 1024 484; x_wconf 86' lang='lat' dir='ltr'>civitatibus,</span> 
     </span>
     <span class='ocr_line' id='line_1_6' title="bbox 175 492 1025 563; baseline 0.001 -17"><span class='ocrx_word' id='word_1_31' title='bbox 175 510 256 563; x_wconf 91' lang='lat' dir='ltr'>quem</span> <span class='ocrx_word' id='word_1_32' title='bbox 268 498 297 547; x_wconf 89' lang='lat' dir='ltr'>et</span> <span class='ocrx_word' id='word_1_33' title='bbox 310 510 392 562; x_wconf 89' lang='lat' dir='ltr'>quam</span> <span class='ocrx_word' id='word_1_34' title='bbox 404 495 468 545; x_wconf 81' lang='lat' dir='ltr'>aute</span> <span class='ocrx_word' id='word_1_35' title='bbox 485 492 558 546; x_wconf 91' lang='lat' dir='ltr'>diem</span> <span class='ocrx_word' id='word_1_36' title='bbox 574 493 603 546; x_wconf 92' lang='lat' dir='ltr'>iu</span> <span class='ocrx_word' id='word_1_37' title='bbox 619 496 710 547; x_wconf 86' lang='lat' dir='ltr'>castra</span> <span class='ocrx_word' id='word_1_38' title='bbox 724 492 825 546; x_wconf 86' lang='lat' dir='ltr'>adduci</span> <span class='ocrx_word' id='word_1_39' title='bbox 841 493 921 557; x_wconf 77' lang='lat' dir='ltr'>velit,</span> <span class='ocrx_word' id='word_1_40' title='bbox 941 494 1025 561; x_wconf 80' lang='lat' dir='ltr'>sagit-</span> 
     </span>
     <span class='ocr_line' id='line_1_7' title="bbox 175 569 1026 639; baseline -0.001 -15"><span class='ocrx_word' id='word_1_41' title='bbox 175 571 313 639; x_wconf 87' lang='lat' dir='ltr'>tariosque</span> <span class='ocrx_word' id='word_1_42' title='bbox 337 585 438 635; x_wconf 87' lang='lat' dir='ltr'>omues,</span> <span class='ocrx_word' id='word_1_43' title='bbox 463 585 580 637; x_wconf 89' lang='lat' dir='ltr'>quorum</span> <span class='ocrx_word' id='word_1_44' title='bbox 608 572 668 622; x_wconf 90' lang='lat' dir='ltr'>erat</span> <span class='ocrx_word' id='word_1_45' title='bbox 692 585 856 637; x_wconf 77' lang='lat' dir='ltr'>permagnus</span> <span class='ocrx_word' id='word_1_46' title='bbox 881 570 910 622; x_wconf 93' lang='lat' dir='ltr'>in</span> <span class='ocrx_word' id='word_1_47' title='bbox 936 569 1026 623; x_wconf 88' lang='lat' dir='ltr'>Gallia</span> 
     </span>
     <span class='ocr_line' id='line_1_8' title="bbox 175 644 1025 715; baseline -0.002 -15"><span class='ocrx_word' id='word_1_48' title='bbox 175 663 311 715; x_wconf 73' lang='lat' dir='ltr'>numerus</span> <span class='ocrx_word' id='word_1_49' title='bbox 335 644 458 713; x_wconf 82' lang='lat' dir='ltr'>conquiri</span> <span class='ocrx_word' id='word_1_50' title='bbox 482 644 571 699; x_wconf 89' lang='lat' dir='ltr'>etad</span> <span class='ocrx_word' id='word_1_51' title='bbox 594 662 624 699; x_wconf 89' lang='lat' dir='ltr'>se</span> <span class='ocrx_word' id='word_1_52' title='bbox 646 646 720 699; x_wconf 86' lang='lat' dir='ltr'>mitti</span> <span class='ocrx_word' id='word_1_53' title='bbox 739 645 830 713; x_wconf 72' lang='lat' dir='ltr'>jubet,</span> <span class='ocrx_word' id='word_1_54' title='bbox 865 645 918 699; x_wconf 90' lang='lat' dir='ltr'>His</span> <span class='ocrx_word' id='word_1_55' title='bbox 941 645 1025 699; x_wconf 86' lang='lat' dir='ltr'>rebus</span> 
     </span>
     <span class='ocr_line' id='line_1_9' title="bbox 175 721 1024 791; baseline -0.004 -14"><span class='ocrx_word' id='word_1_56' title='bbox 175 723 302 777; x_wconf 74' lang='lat' dir='ltr'>celeriter</span> <span class='ocrx_word' id='word_1_57' title='bbox 313 722 343 776; x_wconf 93' lang='lat' dir='ltr'>id</span> <span class='ocrx_word' id='word_1_58' title='bbox 355 721 430 789; x_wconf 91' lang='lat' dir='ltr'>quod</span> <span class='ocrx_word' id='word_1_59' title='bbox 443 721 555 775; x_wconf 86' lang='lat' dir='ltr'>Avarici</span> <span class='ocrx_word' id='word_1_60' title='bbox 566 721 722 789; x_wconf 77' lang='lat' dir='ltr'>deperierat</span> <span class='ocrx_word' id='word_1_61' title='bbox 737 721 872 791; x_wconf 87' lang='lat' dir='ltr'>expletur.</span> <span class='ocrx_word' id='word_1_62' title='bbox 907 722 1024 776; x_wconf 81' lang='lat' dir='ltr'>Interim</span> 
     </span>
     <span class='ocr_line' id='line_1_10' title="bbox 176 796 1026 866; baseline -0.001 -14"><span class='ocrx_word' id='word_1_63' title='bbox 176 800 361 865; x_wconf 82' lang='lat' dir='ltr'>Teutomatus,</span> <span class='ocrx_word' id='word_1_64' title='bbox 381 797 544 851; x_wconf 82' lang='lat' dir='ltr'>Olloviconis</span> <span class='ocrx_word' id='word_1_65' title='bbox 565 797 644 866; x_wconf 85' lang='lat' dir='ltr'>filius,</span> <span class='ocrx_word' id='word_1_66' title='bbox 663 814 714 851; x_wconf 86' lang='lat' dir='ltr'>rex</span> <span class='ocrx_word' id='word_1_67' title='bbox 734 796 926 865; x_wconf 85' lang='lat' dir='ltr'>Nitiobrigum,</span> <span class='ocrx_word' id='word_1_68' title='bbox 946 797 1026 866; x_wconf 90' lang='lat' dir='ltr'>cujus</span> 
     </span>
     <span class='ocr_line' id='line_1_11' title="bbox 175 872 1024 944; baseline -0.004 -15"><span class='ocrx_word' id='word_1_69' title='bbox 175 879 260 944; x_wconf 84' lang='lat' dir='ltr'>pater.</span> <span class='ocrx_word' id='word_1_70' title='bbox 277 875 313 928; x_wconf 88' lang='lat' dir='ltr'>ab</span> <span class='ocrx_word' id='word_1_71' title='bbox 326 877 433 928; x_wconf 64' lang='lat' dir='ltr'>⁴senatu</span> <span class='ocrx_word' id='word_1_72' title='bbox 456 876 551 927; x_wconf 87' lang='lat' dir='ltr'>nostro</span> <span class='ocrx_word' id='word_1_73' title='bbox 574 874 675 927; x_wconf 86' lang='lat' dir='ltr'>amicus</span> <span class='ocrx_word' id='word_1_74' title='bbox 697 876 758 927; x_wconf 89' lang='lat' dir='ltr'>erat</span> <span class='ocrx_word' id='word_1_75' title='bbox 779 872 939 943; x_wconf 82' lang='lat' dir='ltr'>appellatus,</span> <span class='ocrx_word' id='word_1_76' title='bbox 963 890 1024 928; x_wconf 90' lang='lat' dir='ltr'>cum</span> 
     </span>
     <span class='ocr_line' id='line_1_12' title="bbox 175 949 1026 1019; baseline -0.001 -16"><span class='ocrx_word' id='word_1_77' title='bbox 175 967 274 1019; x_wconf 84' lang='lat' dir='ltr'>magno</span> <span class='ocrx_word' id='word_1_78' title='bbox 291 951 415 1019; x_wconf 89' lang='lat' dir='ltr'>equitum</span> <span class='ocrx_word' id='word_1_79' title='bbox 431 964 541 1002; x_wconf 86' lang='lat' dir='ltr'>suorum</span> <span class='ocrx_word' id='word_1_80' title='bbox 558 965 672 1003; x_wconf 89' lang='lat' dir='ltr'>numero</span> <span class='ocrx_word' id='word_1_81' title='bbox 688 951 718 1003; x_wconf 88' lang='lat' dir='ltr'>et</span> <span class='ocrx_word' id='word_1_82' title='bbox 734 965 803 1017; x_wconf 86' lang='lat' dir='ltr'>quos</span> <span class='ocrx_word' id='word_1_83' title='bbox 820 966 855 1003; x_wconf 80' lang='lat' dir='ltr'>ex</span> <span class='ocrx_word' id='word_1_84' title='bbox 876 949 1026 1015; x_wconf 86' lang='lat' dir='ltr'>Aquitania</span> 
     </span>
     <span class='ocr_line' id='line_1_13' title="bbox 176 1024 616 1093; baseline -0.005 -13"><span class='ocrx_word' id='word_1_85' title='bbox 176 1026 347 1080; x_wconf 80' lang='lat' dir='ltr'>conduxerat</span> <span class='ocrx_word' id='word_1_86' title='bbox 358 1024 395 1078; x_wconf 87' lang='lat' dir='ltr'>ad</span> <span class='ocrx_word' id='word_1_87' title='bbox 407 1041 470 1080; x_wconf 91' lang='lat' dir='ltr'>eum</span> <span class='ocrx_word' id='word_1_88' title='bbox 483 1025 616 1093; x_wconf 84' lang='lat' dir='ltr'>pervenit.</span> 
     </span>
    </p>

    <p class='ocr_par' dir='ltr' id='par_1_3' title="bbox 176 1100 1026 1246">
     <span class='ocr_line' id='line_1_14' title="bbox 228 1100 1026 1169; baseline -0.001 -13"><span class='ocrx_word' id='word_1_89' title='bbox 228 1107 271 1157; x_wconf 79' lang='lat'>32.</span> <span class='ocrx_word' id='word_1_90' title='bbox 308 1101 408 1156; x_wconf 79' lang='lat' dir='ltr'>Caesar</span> <span class='ocrx_word' id='word_1_91' title='bbox 436 1100 548 1154; x_wconf 82' lang='lat' dir='ltr'>Avarici</span> <span class='ocrx_word' id='word_1_92' title='bbox 571 1100 723 1169; x_wconf 79' lang='lat' dir='ltr'>complures</span> <span class='ocrx_word' id='word_1_93' title='bbox 751 1100 810 1154; x_wconf 91' lang='lat' dir='ltr'>dies</span> <span class='ocrx_word' id='word_1_94' title='bbox 836 1104 1026 1165; x_wconf 73' lang='lat' dir='ltr'>commoratus,</span> 
     </span>
     <span class='ocr_line' id='line_1_15' title="bbox 176 1176 1025 1246; baseline 0 -15"><span class='ocrx_word' id='word_1_95' title='bbox 176 1193 364 1246; x_wconf 80' lang='lat' dir='ltr'>summamque</span> <span class='ocrx_word' id='word_1_96' title='bbox 375 1176 413 1230; x_wconf 92' lang='lat' dir='ltr'>ibi</span> <span class='ocrx_word' id='word_1_97' title='bbox 430 1176 535 1245; x_wconf 89' lang='lat' dir='ltr'>copiam</span> <span class='ocrx_word' id='word_1_98' title='bbox 552 1176 682 1229; x_wconf 83' lang='lat' dir='ltr'>frumenti</span> <span class='ocrx_word' id='word_1_99' title='bbox 698 1180 728 1230; x_wconf 89' lang='lat' dir='ltr'>et</span> <span class='ocrx_word' id='word_1_100' title='bbox 743 1177 842 1245; x_wconf 87' lang='lat' dir='ltr'>reliqui</span> <span class='ocrx_word' id='word_1_101' title='bbox 857 1180 1025 1231; x_wconf 81' lang='lat' dir='ltr'>commeatus</span> 
     </span>
    </p>
   </div>
   <div class='ocr_carea' id='block_1_3' title="bbox 1083 23 1085 84">
    <p class='ocr_par' dir='ltr' id='par_1_4' title="bbox 1083 23 1085 84">
     <span class='ocr_line' id='line_1_16' title="bbox 1083 23 1085 84; baseline 0 0"><span class='ocrx_word' id='word_1_102' title='bbox 1083 23 1085 84; x_wconf 88' lang='lat' dir='ltr'>l</span> 
     </span>
    </p>
   </div>
   <div class='ocr_carea' id='block_1_4' title="bbox 176 1235 1085 1398">
    <p class='ocr_par' dir='ltr' id='par_1_5' title="bbox 176 1235 1085 1398">
     <span class='ocr_line' id='line_1_17' title="bbox 176 1235 1085 1320; baseline -0.002 -13"><span class='ocrx_word' id='word_1_103' title='bbox 176 1256 280 1320; x_wconf 88' lang='lat' dir='ltr'>nactus,</span> <span class='ocrx_word' id='word_1_104' title='bbox 293 1253 443 1306; x_wconf 82' lang='lat' dir='ltr'>exercitum</span> <span class='ocrx_word' id='word_1_105' title='bbox 455 1268 490 1305; x_wconf 83' lang='lat' dir='ltr'>ex</span> <span class='ocrx_word' id='word_1_106' title='bbox 504 1252 598 1306; x_wconf 86' lang='lat' dir='ltr'>labore</span> <span class='ocrx_word' id='word_1_107' title='bbox 614 1256 698 1320; x_wconf 88' lang='lat' dir='ltr'>atque</span> <span class='ocrx_word' id='word_1_108' title='bbox 713 1252 804 1320; x_wconf 88' lang='lat' dir='ltr'>inopia</span> <span class='ocrx_word' id='word_1_109' title='bbox 820 1252 923 1305; x_wconf 84' lang='lat' dir='ltr'>refecit.</span> <span class='ocrx_word' id='word_1_110' title='bbox 959 1253 1024 1306; x_wconf 86' lang='lat' dir='ltr'>Jam</span> <span class='ocrx_word' id='word_1_111' title='bbox 1083 1235 1085 1298; x_wconf 66' lang='grc' dir='ltr'><strong><em>ἶ</em></strong></span> 
     </span>
     <span class='ocr_line' id='line_1_18' title="bbox 176 1327 1084 1398; baseline 0.001 -16"><span class='ocrx_word' id='word_1_112' title='bbox 176 1345 262 1398; x_wconf 89' lang='lat' dir='ltr'>prope</span> <span class='ocrx_word' id='word_1_113' title='bbox 284 1328 375 1381; x_wconf 90' lang='lat' dir='ltr'>hieme</span> <span class='ocrx_word' id='word_1_114' title='bbox 399 1328 529 1394; x_wconf 84' lang='lat' dir='ltr'>confecta,</span> <span class='ocrx_word' id='word_1_115' title='bbox 554 1344 638 1397; x_wconf 88' lang='lat' dir='ltr'>quum</span> <span class='ocrx_word' id='word_1_116' title='bbox 662 1327 721 1397; x_wconf 91' lang='lat' dir='ltr'>ipso</span> <span class='ocrx_word' id='word_1_117' title='bbox 744 1328 807 1381; x_wconf 85' lang='lat' dir='ltr'>anni</span> <span class='ocrx_word' id='word_1_118' title='bbox 835 1333 960 1396; x_wconf 91' lang='lat' dir='ltr'>tempore</span> <span class='ocrx_word' id='word_1_119' title='bbox 988 1328 1024 1382; x_wconf 90' lang='lat' dir='ltr'>ad</span> <span class='ocrx_word' id='word_1_120' title='bbox 1083 1333 1084 1340; x_wconf 77' lang='grc'>’</span> 
     </span>
    </p>
   </div>
   <div class='ocr_carea' id='block_1_5' title="bbox 176 1403 1025 1549">
    <p class='ocr_par' dir='ltr' id='par_1_6' title="bbox 176 1403 1025 1549">
     <span class='ocr_line' id='line_1_19' title="bbox 176 1403 1025 1473; baseline -0.001 -15"><span class='ocrx_word' id='word_1_121' title='bbox 176 1405 328 1473; x_wconf 84' lang='lat' dir='ltr'>gerendum</span> <span class='ocrx_word' id='word_1_122' title='bbox 352 1403 454 1458; x_wconf 88' lang='lat' dir='ltr'>bellum</span> <span class='ocrx_word' id='word_1_123' title='bbox 478 1407 621 1457; x_wconf 88' lang='lat' dir='ltr'>vocaretur</span> <span class='ocrx_word' id='word_1_124' title='bbox 644 1404 734 1457; x_wconf 85' lang='lat' dir='ltr'>etad</span> <span class='ocrx_word' id='word_1_125' title='bbox 758 1404 864 1458; x_wconf 90' lang='lat' dir='ltr'>hostem</span> <span class='ocrx_word' id='word_1_126' title='bbox 890 1404 1025 1472; x_wconf 86' lang='lat' dir='ltr'>proficisci</span> 
     </span>
     <span class='ocr_line' id='line_1_20' title="bbox 176 1480 1025 1549; baseline 0 -14"><span class='ocrx_word' id='word_1_127' title='bbox 176 1481 370 1548; x_wconf 87' lang='lat' dir='ltr'>constituisset,</span> <span class='ocrx_word' id='word_1_128' title='bbox 391 1480 448 1534; x_wconf 84' lang='lat' dir='ltr'>sive</span> <span class='ocrx_word' id='word_1_129' title='bbox 469 1496 584 1533; x_wconf 83' lang='lat' dir='ltr'>eumer</span> <span class='ocrx_word' id='word_1_130' title='bbox 603 1480 750 1548; x_wconf 90' lang='lat' dir='ltr'>paludibus</span> <span class='ocrx_word' id='word_1_131' title='bbox 770 1481 900 1549; x_wconf 84' lang='lat' dir='ltr'>silvisque</span> <span class='ocrx_word' id='word_1_132' title='bbox 918 1481 1025 1549; x_wconf 87' lang='lat' dir='ltr'>elicere,</span> 
     </span>
    </p>
   </div>
   <div class='ocr_carea' id='block_1_6' title="bbox 72 1555 1027 1627">
    <p class='ocr_par' dir='ltr' id='par_1_7' title="bbox 72 1555 1027 1627">
     <span class='ocr_line' id='line_1_21' title="bbox 72 1555 1027 1627; baseline 0.002 -18"><span class='ocrx_word' id='word_1_133' title='bbox 72 1565 86 1592; x_wconf 73' lang='lat'><em>²</em></span> <span class='ocrx_word' id='word_1_134' title='bbox 176 1557 233 1610; x_wconf 85' lang='lat' dir='ltr'>sive</span> <span class='ocrx_word' id='word_1_135' title='bbox 260 1555 401 1610; x_wconf 87' lang='lat' dir='ltr'>obsidione</span> <span class='ocrx_word' id='word_1_136' title='bbox 429 1572 555 1625; x_wconf 85' lang='lat' dir='ltr'>premere</span> <span class='ocrx_word' id='word_1_137' title='bbox 578 1560 680 1624; x_wconf 87' lang='lat' dir='ltr'>posset,</span> <span class='ocrx_word' id='word_1_138' title='bbox 703 1556 787 1625; x_wconf 81' lang='lat' dir='ltr'>legati</span> <span class='ocrx_word' id='word_1_139' title='bbox 810 1557 931 1611; x_wconf 85' lang='lat' dir='ltr'>adeum</span> <span class='ocrx_word' id='word_1_140' title='bbox 954 1558 1027 1627; x_wconf 90' lang='lat' dir='ltr'>prin-</span> 
     </span>
    </p>
   </div>
   <div class='ocr_carea' id='block_1_7' title="bbox 173 1632 1030 3220">
    <p class='ocr_par' dir='ltr' id='par_1_8' title="bbox 175 1632 1029 2764">
     <span class='ocr_line' id='line_1_22' title="bbox 176 1632 1026 1704; baseline 0.004 -20"><span class='ocrx_word' id='word_1_141' title='bbox 176 1633 250 1700; x_wconf 90' lang='lat' dir='ltr'>cipes</span> <span class='ocrx_word' id='word_1_142' title='bbox 263 1632 424 1686; x_wconf 89' lang='lat' dir='ltr'>Aeduorum</span> <span class='ocrx_word' id='word_1_143' title='bbox 440 1632 553 1685; x_wconf 83' lang='lat' dir='ltr'>veniunt</span> <span class='ocrx_word' id='word_1_144' title='bbox 569 1635 676 1685; x_wconf 86' lang='lat' dir='ltr'>oratum</span> <span class='ocrx_word' id='word_1_145' title='bbox 691 1636 724 1686; x_wconf 88' lang='lat' dir='ltr'>ut</span> <span class='ocrx_word' id='word_1_146' title='bbox 741 1633 857 1686; x_wconf 83' lang='lat' dir='ltr'>maxime</span> <span class='ocrx_word' id='word_1_147' title='bbox 874 1634 1026 1704; x_wconf 82' lang='lat' dir='ltr'>necessario</span> 
     </span>
     <span class='ocr_line' id='line_1_23' title="bbox 176 1707 1027 1778; baseline 0 -16"><span class='ocrx_word' id='word_1_148' title='bbox 176 1712 301 1778; x_wconf 88' lang='lat' dir='ltr'>tempore</span> <span class='ocrx_word' id='word_1_149' title='bbox 325 1708 431 1762; x_wconf 77' lang='lat' dir='ltr'>civitati</span> <span class='ocrx_word' id='word_1_150' title='bbox 457 1707 613 1762; x_wconf 82' lang='lat' dir='ltr'>subveniat:</span> <span class='ocrx_word' id='word_1_151' title='bbox 639 1709 750 1763; x_wconf 83' lang='lat' dir='ltr'>Summo</span> <span class='ocrx_word' id='word_1_152' title='bbox 775 1726 835 1763; x_wconf 85' lang='lat' dir='ltr'>esse</span> <span class='ocrx_word' id='word_1_153' title='bbox 861 1710 889 1762; x_wconf 88' lang='lat' dir='ltr'>in</span> <span class='ocrx_word' id='word_1_154' title='bbox 907 1710 1027 1778; x_wconf 91' lang='lat' dir='ltr'>periculo</span> 
     </span>
     <span class='ocr_line' id='line_1_24' title="bbox 176 1783 1026 1854; baseline 0.001 -17"><span class='ocrx_word' id='word_1_155' title='bbox 176 1801 250 1849; x_wconf 91' lang='lat' dir='ltr'>rem;</span> <span class='ocrx_word' id='word_1_156' title='bbox 271 1784 352 1853; x_wconf 75' lang='lat' dir='ltr'>quod,</span> <span class='ocrx_word' id='word_1_157' title='bbox 365 1800 450 1853; x_wconf 89' lang='lat' dir='ltr'>quum</span> <span class='ocrx_word' id='word_1_158' title='bbox 467 1783 569 1851; x_wconf 77' lang='lat' dir='ltr'>singuli-</span> <span class='ocrx_word' id='word_1_159' title='bbox 581 1784 757 1852; x_wconf 80' lang='lat' dir='ltr'>magistratus</span> <span class='ocrx_word' id='word_1_160' title='bbox 772 1786 924 1854; x_wconf 87' lang='lat' dir='ltr'>antiquitus</span> <span class='ocrx_word' id='word_1_161' title='bbox 939 1785 1026 1840; x_wconf 87' lang='lat' dir='ltr'>creari</span> 
     </span>
     <span class='ocr_line' id='line_1_25' title="bbox 176 1860 1027 1928; baseline 0 -15"><span class='ocrx_word' id='word_1_162' title='bbox 176 1864 261 1927; x_wconf 88' lang='lat' dir='ltr'>atque</span> <span class='ocrx_word' id='word_1_163' title='bbox 277 1861 382 1928; x_wconf 85' lang='lat' dir='ltr'>regiam</span> <span class='ocrx_word' id='word_1_164' title='bbox 398 1862 565 1928; x_wconf 83' lang='lat' dir='ltr'>potestatem</span> <span class='ocrx_word' id='word_1_165' title='bbox 583 1876 684 1914; x_wconf 89' lang='lat' dir='ltr'>anuum</span> <span class='ocrx_word' id='word_1_166' title='bbox 703 1860 828 1915; x_wconf 90' lang='lat' dir='ltr'>obtinere</span> <span class='ocrx_word' id='word_1_167' title='bbox 844 1865 1027 1927; x_wconf 87' lang='lat' dir='ltr'>consuessent,</span> 
     </span>
     <span class='ocr_line' id='line_1_26' title="bbox 177 1936 1027 2005; baseline 0.001 -17"><span class='ocrx_word' id='word_1_168' title='bbox 177 1937 232 1989; x_wconf 92' lang='lat' dir='ltr'>duo</span> <span class='ocrx_word' id='word_1_169' title='bbox 251 1936 442 2004; x_wconf 84' lang='lat' dir='ltr'>magistratum</span> <span class='ocrx_word' id='word_1_170' title='bbox 460 1939 559 2003; x_wconf 86' lang='lat' dir='ltr'>gerant</span> <span class='ocrx_word' id='word_1_171' title='bbox 580 1939 610 1990; x_wconf 90' lang='lat' dir='ltr'>et</span> <span class='ocrx_word' id='word_1_172' title='bbox 630 1953 660 1989; x_wconf 92' lang='lat' dir='ltr'>se</span> <span class='ocrx_word' id='word_1_173' title='bbox 675 1941 792 2005; x_wconf 90' lang='lat' dir='ltr'>uterque</span> <span class='ocrx_word' id='word_1_174' title='bbox 809 1953 903 1990; x_wconf 90' lang='lat' dir='ltr'>eorum</span> <span class='ocrx_word' id='word_1_175' title='bbox 920 1936 1027 2004; x_wconf 81' lang='lat' dir='ltr'>legibus</span> 
     </span>
     <span class='ocr_line' id='line_1_27' title="bbox 176 2011 1029 2082; baseline 0 -17"><span class='ocrx_word' id='word_1_176' title='bbox 176 2015 299 2082; x_wconf 73' lang='lat' dir='ltr'>creatum</span> <span class='ocrx_word' id='word_1_177' title='bbox 312 2028 372 2065; x_wconf 88' lang='lat' dir='ltr'>esse</span> <span class='ocrx_word' id='word_1_178' title='bbox 386 2011 466 2065; x_wconf 86' lang='lat' dir='ltr'>dicat</span> <span class='ocrx_word' id='word_1_179' title='bbox 505 2011 613 2065; x_wconf 90' lang='lat' dir='ltr'>Horum</span> <span class='ocrx_word' id='word_1_180' title='bbox 627 2028 687 2065; x_wconf 87' lang='lat' dir='ltr'>esse</span> <span class='ocrx_word' id='word_1_181' title='bbox 703 2012 821 2065; x_wconf 87' lang='lat' dir='ltr'>alterum</span> <span class='ocrx_word' id='word_1_182' title='bbox 838 2011 1029 2065; x_wconf 83' lang='lat' dir='ltr'>Convictolita-</span> 
     </span>
     <span class='ocr_line' id='line_1_28' title="bbox 176 2086 1027 2155; baseline 0 -15"><span class='ocrx_word' id='word_1_183' title='bbox 176 2104 247 2155; x_wconf 88' lang='lat' dir='ltr'>nem,</span> <span class='ocrx_word' id='word_1_184' title='bbox 272 2087 416 2142; x_wconf 88' lang='lat' dir='ltr'>florentem</span> <span class='ocrx_word' id='word_1_185' title='bbox 445 2089 475 2141; x_wconf 91' lang='lat' dir='ltr'>et</span> <span class='ocrx_word' id='word_1_186' title='bbox 502 2086 637 2141; x_wconf 88' lang='lat' dir='ltr'>illustrem</span> <span class='ocrx_word' id='word_1_187' title='bbox 664 2088 882 2152; x_wconf 67' lang='lat' dir='ltr'>adolescentem</span> <span class='ocrx_word' id='word_1_188' title='bbox 909 2087 1027 2142; x_wconf 88' lang='lat' dir='ltr'>alterum</span> 
     </span>
     <span class='ocr_line' id='line_1_29' title="bbox 178 2163 1027 2231; baseline -0.004 -13"><span class='ocrx_word' id='word_1_189' title='bbox 178 2164 284 2231; x_wconf 77' lang='lat' dir='ltr'>Cotum,</span> <span class='ocrx_word' id='word_1_190' title='bbox 297 2163 486 2231; x_wconf 86' lang='lat' dir='ltr'>antiquissima</span> <span class='ocrx_word' id='word_1_191' title='bbox 502 2163 606 2216; x_wconf 87' lang='lat' dir='ltr'>familia</span> <span class='ocrx_word' id='word_1_192' title='bbox 622 2167 725 2231; x_wconf 88' lang='lat' dir='ltr'>uatum,</span> <span class='ocrx_word' id='word_1_193' title='bbox 740 2166 825 2231; x_wconf 89' lang='lat' dir='ltr'>atque</span> <span class='ocrx_word' id='word_1_194' title='bbox 839 2163 927 2231; x_wconf 89' lang='lat' dir='ltr'>ipsum</span> <span class='ocrx_word' id='word_1_195' title='bbox 943 2163 1027 2215; x_wconf 90' lang='lat' dir='ltr'>homi-</span> 
     </span>
     <span class='ocr_line' id='line_1_30' title="bbox 177 2238 1028 2308; baseline -0.002 -15"><span class='ocrx_word' id='word_1_196' title='bbox 177 2257 240 2293; x_wconf 89' lang='lat' dir='ltr'>nem</span> <span class='ocrx_word' id='word_1_197' title='bbox 264 2256 386 2293; x_wconf 85' lang='lat' dir='ltr'>summae</span> <span class='ocrx_word' id='word_1_198' title='bbox 409 2240 551 2308; x_wconf 87' lang='lat' dir='ltr'>potentiae</span> <span class='ocrx_word' id='word_1_199' title='bbox 570 2243 600 2293; x_wconf 88' lang='lat' dir='ltr'>et</span> <span class='ocrx_word' id='word_1_200' title='bbox 620 2256 735 2307; x_wconf 84' lang='lat' dir='ltr'>magnae</span> <span class='ocrx_word' id='word_1_201' title='bbox 754 2238 930 2307; x_wconf 81' lang='lat' dir='ltr'>cognationis,</span> <span class='ocrx_word' id='word_1_202' title='bbox 951 2238 1028 2306; x_wconf 88' lang='lat' dir='ltr'>cujus</span> 
     </span>
     <span class='ocr_line' id='line_1_31' title="bbox 176 2314 1028 2384; baseline -0.001 -16"><span class='ocrx_word' id='word_1_203' title='bbox 176 2316 262 2369; x_wconf 83' lang='lat' dir='ltr'>frater</span> <span class='ocrx_word' id='word_1_204' title='bbox 286 2314 443 2369; x_wconf 83' lang='lat' dir='ltr'>Valetiacus</span> <span class='ocrx_word' id='word_1_205' title='bbox 467 2316 591 2384; x_wconf 84' lang='lat' dir='ltr'>proximo</span> <span class='ocrx_word' id='word_1_206' title='bbox 608 2332 679 2368; x_wconf 90' lang='lat' dir='ltr'>auno</span> <span class='ocrx_word' id='word_1_207' title='bbox 697 2315 815 2369; x_wconf 88' lang='lat' dir='ltr'>eundem</span> <span class='ocrx_word' id='word_1_208' title='bbox 837 2315 1028 2382; x_wconf 85' lang='lat' dir='ltr'>magistratum</span> 
     </span>
     <span class='ocr_line' id='line_1_32' title="bbox 176 2390 1029 2460; baseline 0.002 -17"><span class='ocrx_word' id='word_1_209' title='bbox 176 2391 306 2458; x_wconf 87' lang='lat' dir='ltr'>gesserit:</span> <span class='ocrx_word' id='word_1_210' title='bbox 326 2390 465 2445; x_wconf 86' lang='lat' dir='ltr'>civitatem</span> <span class='ocrx_word' id='word_1_211' title='bbox 481 2407 589 2445; x_wconf 88' lang='lat' dir='ltr'>omnem</span> <span class='ocrx_word' id='word_1_212' title='bbox 601 2407 662 2444; x_wconf 87' lang='lat' dir='ltr'>esse</span> <span class='ocrx_word' id='word_1_213' title='bbox 677 2392 707 2444; x_wconf 95' lang='lat' dir='ltr'>in</span> <span class='ocrx_word' id='word_1_214' title='bbox 719 2392 809 2460; x_wconf 85' lang='lat' dir='ltr'>armis,</span> <span class='ocrx_word' id='word_1_215' title='bbox 823 2391 940 2445; x_wconf 85' lang='lat' dir='ltr'>divisum</span> <span class='ocrx_word' id='word_1_216' title='bbox 953 2407 1029 2445; x_wconf 82' lang='lat' dir='ltr'>sena-</span> 
     </span>
     <span class='ocr_line' id='line_1_33' title="bbox 176 2466 1028 2536; baseline 0 -16"><span class='ocrx_word' id='word_1_217' title='bbox 176 2470 244 2534; x_wconf 85' lang='lat' dir='ltr'>tum,</span> <span class='ocrx_word' id='word_1_218' title='bbox 256 2466 377 2523; x_wconf 73' lang='lat' dir='ltr'>‚divisum</span> <span class='ocrx_word' id='word_1_219' title='bbox 390 2467 529 2535; x_wconf 88' lang='lat' dir='ltr'>populum,</span> <span class='ocrx_word' id='word_1_220' title='bbox 541 2483 604 2521; x_wconf 83' lang='lat' dir='ltr'>sune</span> <span class='ocrx_word' id='word_1_221' title='bbox 624 2468 756 2536; x_wconf 89' lang='lat' dir='ltr'>cujusque</span> <span class='ocrx_word' id='word_1_222' title='bbox 774 2484 869 2522; x_wconf 88' lang='lat' dir='ltr'>eorum</span> <span class='ocrx_word' id='word_1_223' title='bbox 881 2467 1028 2523; x_wconf 87' lang='lat' dir='ltr'>clientelas.</span> 
     </span>
     <span class='ocr_line' id='line_1_34' title="bbox 177 2541 1028 2613; baseline 0.001 -19"><span class='ocrx_word' id='word_1_224' title='bbox 177 2541 257 2606; x_wconf 83' lang='lat' dir='ltr'>Quod</span> <span class='ocrx_word' id='word_1_225' title='bbox 273 2542 295 2595; x_wconf 88' lang='lat' dir='ltr'>si</span> <span class='ocrx_word' id='word_1_226' title='bbox 311 2542 416 2595; x_wconf 91' lang='lat' dir='ltr'>diutius</span> <span class='ocrx_word' id='word_1_227' title='bbox 433 2543 523 2597; x_wconf 88' lang='lat' dir='ltr'>alatur</span> <span class='ocrx_word' id='word_1_228' title='bbox 546 2544 736 2611; x_wconf 86' lang='lat' dir='ltr'>controversia,</span> <span class='ocrx_word' id='word_1_229' title='bbox 753 2545 812 2598; x_wconf 82' lang='lat' dir='ltr'>iore</span> <span class='ocrx_word' id='word_1_230' title='bbox 829 2544 872 2598; x_wconf 91' lang='lat' dir='ltr'>uti</span> <span class='ocrx_word' id='word_1_231' title='bbox 890 2561 956 2613; x_wconf 87' lang='lat' dir='ltr'>pars</span> <span class='ocrx_word' id='word_1_232' title='bbox 967 2559 1028 2597; x_wconf 90' lang='lat' dir='ltr'>cum</span> 
     </span>
     <span class='ocr_line' id='line_1_35' title="bbox 175 2617 1029 2689; baseline 0 -19"><span class='ocrx_word' id='word_1_233' title='bbox 175 2621 257 2686; x_wconf 86' lang='lat' dir='ltr'>parte</span> <span class='ocrx_word' id='word_1_234' title='bbox 268 2617 387 2672; x_wconf 81' lang='lat' dir='ltr'>civitatis</span> <span class='ocrx_word' id='word_1_235' title='bbox 400 2618 544 2685; x_wconf 82' lang='lat' dir='ltr'>confligat3</span> <span class='ocrx_word' id='word_1_236' title='bbox 563 2618 592 2672; x_wconf 91' lang='lat' dir='ltr'>id</span> <span class='ocrx_word' id='word_1_237' title='bbox 610 2636 646 2673; x_wconf 90' lang='lat' dir='ltr'>ue</span> <span class='ocrx_word' id='word_1_238' title='bbox 665 2619 771 2673; x_wconf 85' lang='lat' dir='ltr'>aecidat</span> <span class='ocrx_word' id='word_1_239' title='bbox 783 2620 903 2689; x_wconf 88' lang='lat' dir='ltr'>positum</span> <span class='ocrx_word' id='word_1_240' title='bbox 921 2620 949 2673; x_wconf 89' lang='lat' dir='ltr'>in</span> <span class='ocrx_word' id='word_1_241' title='bbox 969 2619 1029 2688; x_wconf 87' lang='lat' dir='ltr'>ejus</span> 
     </span>
     <span class='ocr_line' id='line_1_36' title="bbox 176 2694 598 2764; baseline 0.007 -18"><span class='ocrx_word' id='word_1_242' title='bbox 176 2694 319 2762; x_wconf 81' lang='lat' dir='ltr'>diligentia</span> <span class='ocrx_word' id='word_1_243' title='bbox 330 2699 414 2764; x_wconf 90' lang='lat' dir='ltr'>atque</span> <span class='ocrx_word' id='word_1_244' title='bbox 426 2695 598 2749; x_wconf 88' lang='lat' dir='ltr'>auctoritate.</span> 
     </span>
    </p>

    <p class='ocr_par' dir='ltr' id='par_1_9' title="bbox 173 2769 1030 3220">
     <span class='ocr_line' id='line_1_37' title="bbox 228 2769 1030 2838; baseline -0.001 -14"><span class='ocrx_word' id='word_1_245' title='bbox 228 2775 269 2824; x_wconf 85' lang='lat'>33.</span> <span class='ocrx_word' id='word_1_246' title='bbox 304 2769 413 2838; x_wconf 81' lang='lat' dir='ltr'>Caesar,</span> <span class='ocrx_word' id='word_1_247' title='bbox 425 2771 477 2824; x_wconf 90' lang='lat' dir='ltr'>etsi</span> <span class='ocrx_word' id='word_1_248' title='bbox 495 2787 512 2823; x_wconf 89' lang='lat' dir='ltr'>a</span> <span class='ocrx_word' id='word_1_249' title='bbox 523 2770 595 2823; x_wconf 90' lang='lat' dir='ltr'>bello</span> <span class='ocrx_word' id='word_1_250' title='bbox 607 2774 691 2838; x_wconf 88' lang='lat' dir='ltr'>atque</span> <span class='ocrx_word' id='word_1_251' title='bbox 702 2770 781 2825; x_wconf 88' lang='lat' dir='ltr'>hoste</span> <span class='ocrx_word' id='word_1_252' title='bbox 793 2772 935 2826; x_wconf 89' lang='lat' dir='ltr'>discedere</span> <span class='ocrx_word' id='word_1_253' title='bbox 947 2770 1030 2824; x_wconf 89' lang='lat' dir='ltr'>detri-</span> 
     </span>
     <span class='ocr_line' id='line_1_38' title="bbox 175 2846 1030 2915; baseline -0.001 -17"><span class='ocrx_word' id='word_1_254' title='bbox 175 2849 329 2900; x_wconf 88' lang='lat' dir='ltr'>mentosum</span> <span class='ocrx_word' id='word_1_255' title='bbox 341 2863 401 2900; x_wconf 88' lang='lat' dir='ltr'>esse</span> <span class='ocrx_word' id='word_1_256' title='bbox 413 2846 595 2915; x_wconf 69' lang='lat' dir='ltr'>existimabat,</span> <span class='ocrx_word' id='word_1_257' title='bbox 607 2850 700 2899; x_wconf 91' lang='lat' dir='ltr'>tamen</span> <span class='ocrx_word' id='word_1_258' title='bbox 712 2863 766 2899; x_wconf 90' lang='lat' dir='ltr'>non</span> <span class='ocrx_word' id='word_1_259' title='bbox 782 2847 909 2915; x_wconf 87' lang='lat' dir='ltr'>ignorans</span> <span class='ocrx_word' id='word_1_260' title='bbox 926 2851 1030 2915; x_wconf 89' lang='lat' dir='ltr'>quanta</span> 
     </span>
     <span class='ocr_line' id='line_1_39' title="bbox 173 2922 1029 2989; baseline -0.005 -13"><span class='ocrx_word' id='word_1_261' title='bbox 173 2931 210 2976; x_wconf 79' lang='lat' dir='ltr'>‘ex</span> <span class='ocrx_word' id='word_1_262' title='bbox 223 2922 438 2976; x_wconf 85' lang='lat' dir='ltr'>dissensionibus</span> <span class='ocrx_word' id='word_1_263' title='bbox 450 2922 620 2976; x_wconf 86' lang='lat' dir='ltr'>incommoda</span> <span class='ocrx_word' id='word_1_264' title='bbox 632 2922 697 2975; x_wconf 92' lang='lat' dir='ltr'>oriri</span> <span class='ocrx_word' id='word_1_265' title='bbox 708 2926 892 2989; x_wconf 86' lang='lat' dir='ltr'>consuessent,</span> <span class='ocrx_word' id='word_1_266' title='bbox 904 2938 939 2975; x_wconf 92' lang='lat' dir='ltr'>ne</span> <span class='ocrx_word' id='word_1_267' title='bbox 951 2924 1029 2974; x_wconf 87' lang='lat' dir='ltr'>lauta</span> 
     </span>
     <span class='ocr_line' id='line_1_40' title="bbox 175 2996 1029 3067; baseline -0.006 -16"><span class='ocrx_word' id='word_1_268' title='bbox 175 3001 205 3051; x_wconf 89' lang='lat' dir='ltr'>et</span> <span class='ocrx_word' id='word_1_269' title='bbox 228 3002 286 3052; x_wconf 83' lang='lat' dir='ltr'>tam</span> <span class='ocrx_word' id='word_1_270' title='bbox 309 2997 453 3067; x_wconf 89' lang='lat' dir='ltr'>conjuncta</span> <span class='ocrx_word' id='word_1_271' title='bbox 476 2998 576 3067; x_wconf 92' lang='lat' dir='ltr'>populo</span> <span class='ocrx_word' id='word_1_272' title='bbox 602 2999 725 3051; x_wconf 84' lang='lat' dir='ltr'>Romano</span> <span class='ocrx_word' id='word_1_273' title='bbox 744 2997 847 3065; x_wconf 81' lang='lat' dir='ltr'>civitas,</span> <span class='ocrx_word' id='word_1_274' title='bbox 866 3013 946 3066; x_wconf 85' lang='lat' dir='ltr'>quam</span> <span class='ocrx_word' id='word_1_275' title='bbox 971 2996 1029 3062; x_wconf 89' lang='lat' dir='ltr'>ipse</span> 
     </span>
     <span class='ocr_line' id='line_1_41' title="bbox 176 3070 1029 3144; baseline -0.006 -18"><span class='ocrx_word' id='word_1_276' title='bbox 176 3090 285 3144; x_wconf 87' lang='lat' dir='ltr'>semper</span> <span class='ocrx_word' id='word_1_277' title='bbox 308 3074 421 3129; x_wconf 86' lang='lat' dir='ltr'>aluisset</span> <span class='ocrx_word' id='word_1_278' title='bbox 445 3074 624 3143; x_wconf 90' lang='lat' dir='ltr'>omnibusque</span> <span class='ocrx_word' id='word_1_279' title='bbox 647 3074 730 3128; x_wconf 90' lang='lat' dir='ltr'>rebus</span> <span class='ocrx_word' id='word_1_280' title='bbox 757 3077 887 3139; x_wconf 86' lang='lat' dir='ltr'>ornasset,</span> <span class='ocrx_word' id='word_1_281' title='bbox 911 3070 948 3123; x_wconf 89' lang='lat' dir='ltr'>ad</span> <span class='ocrx_word' id='word_1_282' title='bbox 974 3071 1029 3121; x_wconf 82' lang='lat' dir='ltr'>vim</span> 
     </span>
     <span class='ocr_line' id='line_1_42' title="bbox 174 3141 1029 3220; baseline -0.013 -15"><span class='ocrx_word' id='word_1_283' title='bbox 174 3153 260 3220; x_wconf 85' lang='lat' dir='ltr'>atque</span> <span class='ocrx_word' id='word_1_284' title='bbox 271 3168 348 3208; x_wconf 88' lang='lat' dir='ltr'>arma</span> <span class='ocrx_word' id='word_1_285' title='bbox 359 3150 550 3218; x_wconf 87' lang='lat' dir='ltr'>descenderet,</span> <span class='ocrx_word' id='word_1_286' title='bbox 562 3155 646 3218; x_wconf 84' lang='lat' dir='ltr'>atque</span> <span class='ocrx_word' id='word_1_287' title='bbox 658 3166 691 3204; x_wconf 89' lang='lat' dir='ltr'>ca</span> <span class='ocrx_word' id='word_1_288' title='bbox 705 3165 770 3218; x_wconf 87' lang='lat' dir='ltr'>pars</span> <span class='ocrx_word' id='word_1_289' title='bbox 786 3164 857 3217; x_wconf 88' lang='lat' dir='ltr'>quae</span> <span class='ocrx_word' id='word_1_290' title='bbox 872 3147 961 3199; x_wconf 85' lang='lat' dir='ltr'>minus</span> <span class='ocrx_word' id='word_1_291' title='bbox 976 3141 1029 3197; x_wconf 88' lang='lat' dir='ltr'>sibi</span> 
     </span>
    </p>
   </div>
   <div class='ocr_carea' id='block_1_8' title="bbox 0 0 1095 3409">
    <p class='ocr_par' dir='ltr' id='par_1_10' title="bbox 0 0 1095 3409">
     <span class='ocr_line' id='line_1_43' title="bbox 0 0 1095 3409; baseline 0 0"><span class='ocrx_word' id='word_1_292' title='bbox 0 0 1095 3409; x_wconf 95' lang='lat' dir='ltr'> </span> 
     </span>
    </p>
   </div>
  </div>
 </body>
</html>
