2175 3409
110 74 158 124 180
358 74 387 123 O.
406 71 509 126 JULII
526 72 703 121 CAESARIS

110 153 253 223 Drappete
265 159 296 211 et
313 153 442 210 Lucterio
459 154 539 221 gesta
557 155 657 220 essent,
676 169 787 222 quoque
804 153 833 207 in
850 154 975 210 consilio

108 235 302 299 permanerent
325 227 464 301 oppidani.
499 229 623 292 Quorum
641 230 695 284 etsi
712 230 881 299 paucitatem
901 246 974 285 con·

109 308 259 374 temnebat,
276 311 369 361 tamen
386 304 566 375 pertinaciam
582 321 681 373 magna
698 322 786 374 poena
804 322 863 359 csse
877 306 973 361 affici-

109 382 207 436 endam
216 382 369 451 judicabat,
381 398 417 436 no
428 381 555 434 universa
571 381 661 435 Gallia
677 397 732 435 non
750 382 869 435 defuisse
886 381 972 437 vires

109 456 160 511 sibi
173 458 210 511 ad
221 457 406 512 resistendum
420 456 551 511 Romanis
565 456 617 511 sed
633 458 815 512 constantiam
833 460 971 525 putaret;

107 548 176 587 neve
199 532 251 588 hoc
274 533 400 601 exemplo
423 535 533 586 ceterae
557 531 684 587 civitates
707 533 829 587 locorum
860 549 969 601 oppor-

107 609 227 663 tunitate
250 610 338 664 fretae
362 625 392 663 se
414 607 586 662 vindicarent
610 608 640 662 in
667 608 842 673 libertatem
874 625 968 677 quum

107 684 233 738 omuibus
250 685 337 739 Gallis
354 687 451 739 notum
469 683 553 737 sciret
569 683 705 753 reliquam
722 699 783 737 esse
805 699 889 737 unam
915 700 968 737 ae-

107 761 208 813 statem
227 776 293 814 suae
310 759 474 829 provinciae,
494 774 577 828 quam
597 758 621 812 si
636 759 774 816 sustinere
796 757 965 828 potuissent,

106 833 211 888 nullum
222 835 296 889 ultra
306 835 459 905 periculum
470 837 637 888 vererentur.
667 834 767 903 Itaque
779 834 813 898 Q.
826 831 965 888 Calenum

106 909 229 978 legatum
248 927 310 965 cum
330 909 483 979 legionibus
502 907 633 978 [duabus]
652 909 791 977 relinquit,
807 909 855 977 qui
872 908 965 977 justis

106 985 252 1042 itineribus
265 984 319 1057 [se]
340 986 569 1054 subsequeretur3
583 985 643 1053 ipse
660 1000 722 1039 cum
739 985 813 1038 omni
830 984 964 1053 equitatu

107 1077 190 1128 quam
201 1065 296 1131 potest
307 1062 447 1117 celerrime
459 1061 495 1114 ad
509 1060 653 1115 Caninium
664 1061 813 1115 contendit.

158 1141 200 1192 40.
218 1185 221 1194 ,
237 1139 327 1204 Quum
351 1142 447 1193 contra
464 1137 696 1205 exspectationem
714 1137 834 1196 omnium
856 1136 963 1191 Caesar

107 1210 311 1267 Uxellodunum
335 1214 454 1268 venisset
473 1211 658 1281 oppidumque
681 1212 810 1280 operibus
835 1212 982 1267 clausum·

106 1287 227 1344 animum
255 1288 420 1355 adverteret,
449 1304 538 1356 neque
568 1287 603 1340 ab
632 1287 835 1355 oppugnatione
863 1288 959 1341 recedi

106 1360 215 1417 rideret
227 1364 282 1417 ulla
298 1364 454 1418 conditione
472 1379 559 1432 posse,
580 1379 680 1430 magna
696 1366 789 1417 autem
807 1362 886 1431 copia
901 1364 961 1416 fru-

107 1438 193 1492 menti
205 1438 345 1493 abundare
357 1439 507 1508 oppidanos
525 1456 560 1493 ex
577 1439 698 1506 perfugis
715 1441 865 1505 cognosset,
883 1454 958 1507 aqua

106 1512 252 1581 prohibere
281 1512 388 1567 hostem
418 1517 526 1568 tentare
555 1513 653 1582 coepit.
690 1513 804 1566 Flumen
833 1513 956 1568 infimam

106 1587 204 1641 vallem
217 1588 366 1653 dividebat,
379 1604 450 1658 quae
467 1592 557 1650 totum
573 1604 661 1658 paene
678 1592 799 1642 montem
818 1587 955 1657 cingebat,

105 1661 134 1715 in
146 1678 200 1729 quo
211 1663 329 1731 positum
341 1667 401 1717 erat
411 1668 591 1732 praeruptum
606 1664 729 1732 undique
746 1662 877 1731 oppidum
895 1664 955 1718 Ux-

106 1736 269 1791 ellodunum.
305 1738 366 1792 Hoc
379 1738 478 1792 flumen
489 1740 647 1794 averti'loci
665 1742 764 1793 natura
780 1739 954 1810 prohibebat,

106 1813 145 1867 sic
157 1813 229 1867 enim
244 1814 273 1867 in
290 1813 352 1868 imis
369 1813 509 1868 radicibus
527 1816 628 1869 montis
645 1814 785 1869 ferebatur
801 1818 835 1869 ut
850 1815 953 1870 nullam

105 1889 133 1942 in
145 1894 252 1957 partem
265 1890 402 1959 depressis
413 1889 494 1944 fossis
505 1890 625 1945 derivari
640 1892 739 1959 posset.
758 1890 761 1896 '
774 1889 843 1944 Erat
859 1895 953 1946 autem

105 1966 248 2033 oppidanis
260 1965 377 2020 difficilis
391 1970 421 2022 et
437 1970 603 2035 praeruptus
620 1982 653 2021 eo
670 1964 823 2032 descensus,
840 1969 873 2019 ut
890 1983 953 2034 pre-

104 2040 262 2096 hibentibus
284 2042 386 2097 nostris
410 2043 468 2096 sine
491 2042 650 2096 vulneribus
673 2058 704 2096 ac
728 2041 849 2109 periculo
877 2042 952 2098 ritae

104 2134 193 2188 neque
214 2118 290 2173 edire
311 2119 412 2173 flumen
430 2134 519 2187 neque
539 2118 625 2171 arduo
649 2134 679 2171 se
698 2117 819 2185 recipere
837 2123 951 2186 possent

104 2210 224 2249 ascensu.
262 2196 322 2259 Qua
334 2194 495 2249 difficultate
508 2211 603 2248 eorum
620 2193 730 2261 cognita
745 2193 853 2260 Caesar,
869 2195 951 2262 sagit

103 2270 181 2325 tariis
201 2270 441 2339 funditoribusque
458 2270 607 2339 dispositis,
625 2270 769 2323 tormentis
787 2270 871 2323 etiam
891 2272 950 2338 qui-

103 2345 218 2400 busdam
229 2346 295 2400 locis
306 2348 400 2399 contra
412 2345 553 2400 facillimos
567 2344 714 2398 descensus
725 2344 868 2411 collocatis,
879 2362 951 2414 aqua

103 2421 221 2476 fluminis
240 2421 404 2492 prohibebat
424 2420 581 2489 oppidanos,
602 2436 720 2487 quorum
743 2420 830 2473 omnis
853 2425 950 2490 postea

102 2496 250 2552 multitudo
261 2501 424 2566 aquatorum
435 2512 521 2550 uuum
532 2496 561 2549 in
572 2495 661 2549 locum
673 2495 858 2549 conveniebat.

153 2579 194 2628 41.
229 2572 286 2627 Sub
308 2573 398 2643 ipsum
422 2573 494 2626 enim
514 2572 611 2642 oppidi
627 2588 737 2624 murum
753 2587 869 2639 magnus
888 2571 948 2627 fons

101 2663 188 2716 aquae
199 2647 394 2719 prorumpebat
408 2646 443 2701 ab
461 2663 495 2701 ee
511 2650 599 2716 perte,
617 2662 688 2714 quae
705 2647 764 2700 fere
781 2647 883 2715 pedum
900 2662 947 2702 cco

100 2723 241 2779 intervallo
253 2723 371 2777 fluminis
383 2722 499 2777 circuitu
511 2723 631 2777 vacabat.
650 2722 712 2776 Hoc
723 2723 798 2776 fonte
810 2722 946 2791 prohiberi

101 2815 181 2866 posse
204 2799 352 2868 oppidanos
376 2815 459 2868 quum
479 2802 607 2868 optarent
627 2798 733 2867 reliqui,
756 2798 856 2852 Caesar
879 2815 946 2853 uuus

100 2874 214 2939 videret,
226 2890 242 2926 e
253 2875 363 2940 regione
375 2873 435 2941 ejus
447 2875 539 2928 vineas
550 2890 633 2941 agere
644 2874 775 2928 adversus
786 2877 906 2928 montem
917 2878 945 2929 et

99 2961 214 3011 aggeres
225 2946 360 3000 instruere
372 2948 463 3015 coepit
473 2965 573 3015 magno
585 2964 647 3001 cum
662 2946 756 3002 labore
773 2951 803 3001 ct
819 2949 945 3003 continua

100 3016 279 3070 dimicatione.
315 3019 451 3087 Oppidani
463 3023 535 3076 enim
548 3022 607 3075 loco
619 3023 760 3089 superiore
769 3021 943 3078 decurrentes

99 3086 227 3155 [eminus]
250 3092 309 3143 sine
332 3094 453 3160 periculo
478 3095 692 3164 proeliabantur,
709 3097 864 3165 multosque
886 3115 942 3166 per·

61 3291 112 3395 ἱ
