2175 3409
90 115 137 161 156
362 113 390 155 a).
410 108 428 154 J
433 106 514 154 ULII
530 106 705 155 cassania·

143 199 182 251 76.
219 191 311 259 Hujus
329 203 414 257 opera
429 187 553 255 Commii,
568 187 609 241 ita
626 190 658 241 ut
673 189 755 242 antea
772 187 946 245 demonstra-

90 269 185 336 vimus,
197 266 273 321 iideli
288 268 374 334 atque
388 263 451 318 utili
466 263 652 333 superioribus
666 262 745 317 annis
759 269 821 319 crat
835 282 900 321 usus
914 269 944 324 in

91 344 236 399 Britannia
247 342 365 408 Gaesar3
380 340 482 411 quibus
494 341 540 393 illa
555 340 717 408 promeritis
728 339 869 397 civitatem
881 346 944 414 ejus

90 426 238 477 immunem
249 438 310 475 esse
317 420 450 489 jusserat,
457 419 524 489 jura
534 421 665 489 legesque
676 421 845 491 reddiderat,
858 429 944 494 atque

91 501 142 569 ipsi
155 499 277 553 Morinos
288 497 463 552 attribuerat.
486 496 574 551 'lanta
586 499 828 554 tanrcnuniversae
838 501 944 557 Galliac

90 577 230 631 consensio
250 575 304 630 init
321 575 459 631 libertatis
478 574 659 629 vindicandae
677 579 707 630 et
725 578 858 646 pristinae
875 580 943 635 belli

91 653 181 708 laudis
203 652 410 723 recuperandae
433 655 465 706 ut
488 668 579 721 neque
603 651 744 706 beneficiis
767 670 857 723 neque
876 658 943 711 arni-

91 730 174 785 citiae
200 730 333 785 memoria
362 731 544 796 numerentur,
569 744 719 798 omnesque
744 734 774 785 et
795 731 887 786 animo
913 738 943 789 et

87 806 189 878 opibus
206 806 234 861 in
251 807 282 860 id
298 806 401 861 bellum
422 804 613 859 incumberent
630 806 732 860 coactis
747 808 872 876 equitum
888 825 943 864 rur

91 884 200 939 milibus
215 888 245 940 et
258 884 383 953 peditum
399 882 509 937 circiter
525 897 601 936 ccxn
637 882 717 938 Haec
734 885 763 937 in
780 886 942 940 Aeduorum

91 960 191 1016 tinibus
208 960 421 1016 recensebantur
439 975 623 1028 numemsque
642 960 771 1016 inibatur.
806 961 941 1017 Praefecti

91 1038 336 1094 constituebantur.
374 1036 496 1090 Commio
510 1035 648 1104 Atrebati,
658 1037 824 1094 Virdumaro
834 1044 863 1094 et
874 1040 943 1109 Epo

92 1115 212 1185 redorigi
243 1114 356 1182 Aeduis,
381 1112 590 1181 Vergasillauno
621 1115 754 1183 Arverno,
782 1115 942 1171 consobrino

94 1191 335 1262 Vercingetorigis,
353 1206 459 1245 summa
477 1188 586 1258 imperii
604 1189 731 1244 traditur.
769 1191 823 1245 His
841 1193 942 1248 delecti

93 1285 128 1323 ex
156 1268 315 1324 civitatibus
343 1266 532 1322 attribuuntur
559 1282 677 1335 quorum
705 1269 817 1323 consilio
841 1269 943 1326 bellum

93 1346 338 1400 administraretur.
374 1343 475 1397 Omnes
498 1343 603 1397 alacres
625 1346 655 1397 et
678 1345 795 1400 fiduciae
813 1347 887 1417 pleni
906 1349 943 1402 ad

93 1421 217 1476 Alesiam
233 1421 458 1490 proficiscuntur;
473 1435 563 1489 neque
578 1424 640 1475 erat
658 1423 779 1475 omnium
797 1424 941 1494 quisquam

93 1499 139 1567 qui
158 1503 298 1568 aspectum
313 1496 394 1551 modo
409 1499 503 1550 mutae
517 1495 704 1551 multitudinis
720 1500 848 1554 sustineri
863 1518 943 1570 posse

92 1574 275 1630 arbitraretur
309 1572 471 1643 praesertim
503 1572 616 1641 ancipiti
647 1575 760 1643 proelio,
791 1593 875 1644 quum
908 1595 943 1633 ex

9 1715 13 1719 Ι
92 1651 192 1719 oppido
209 1651 352 1719 eruptione
369 1651 544 1719 pugnaretur,
562 1648 629 1704 foris
646 1652 741 1705 tantae
758 1654 851 1722 copiae
869 1656 943 1725 equi-

92 1731 167 1782 tatus
179 1726 375 1796 peditatusque
387 1728 573 1780 cernerentur.

137 1807 185 1862 77.
222 1804 263 1857 At
277 1802 296 1856 ii
312 1802 360 1872 qui
379 1801 491 1856 Alesiae
508 1800 714 1871 obsidebantur,
728 1805 880 1872 praeterita
897 1807 943 1861 die

92 1897 147 1950 qua
169 1896 280 1936 suorum
302 1879 404 1933 auxilia
427 1880 662 1954 exspectaverant,
686 1884 847 1951 consumpto
870 1884 943 1937 omni

92 1958 236 2024 fruniento,
248 1955 326 2010 inscii
338 1954 405 2025 quid
414 1955 442 2008 in
453 1954 559 2009 Aeduis
568 1958 719 2022 gereretur,
728 1957 840 2011 concilio
849 1964 944 2014 coacte

92 2035 128 2088 de
141 2034 218 2088 exitu
229 2034 400 2087 fortunamm
412 2048 523 2085 suarum
535 2030 736 2085 consultabant.
771 2033 856 2102 Apud
875 2053 943 2105 quos

92 2112 174 2166 variis
188 2110 270 2166 dictis
290 2108 442 2176 sententiis,
461 2124 577 2177 quarum
595 2123 658 2176 pars
676 2106 853 2180 deditionem,
870 2128 943 2182 pars,

92 2187 159 2242 dum
170 2188 242 2242 vires
254 2187 441 2256 suppeterent,
454 2185 626 2253 eruptionem
639 2184 776 2251 censebat,
795 2203 850 2241 nou
865 2205 943 2258 prae·

93 2264 228 2319 tereunda
250 2263 361 2317 videtur
383 2261 470 2317 oratio
495 2261 649 2330 Critognati
720 2264 785 2330 pter
804 2263 865 2331 ejus
889 2265 944 2319 sin-

91 2341 214 2407 gularem
237 2356 271 2394 ac
298 2338 432 2394 nefariam
461 2338 653 2393 crudelitatem
726 2338 752 2392 ic
780 2356 886 2395 summo
914 2343 943 2396 in

95 2416 226 2471 Arvernis
237 2420 315 2471 ortus
323 2415 382 2470 loco
389 2420 418 2471 et
428 2432 542 2485 magnae
551 2414 662 2469 habitus
669 2415 848 2484 auctoritatis,
859 2418 943 2488 Nihil,

91 2494 187 2562 inquit,
200 2494 236 2547 de
245 2510 339 2547 eorum
349 2493 486 2548 sententia
495 2492 618 2546 dicturus
626 2509 693 2559 sum,
702 2491 750 2561 qui
758 2494 944 2561 turpissimam

93 2567 253 2624 servitutem
282 2570 430 2625 deditionis
459 2570 569 2624 nomine
597 2569 736 2640 appellant
743 2589 750 2635 ;
776 2587 865 2640 neque
893 2571 944 2626 bos

92 2646 231 2701 habendos
250 2647 348 2701 civium
369 2647 429 2701 loco
447 2663 537 2716 neque
557 2646 593 2701 ad
612 2646 754 2700 concilium
773 2647 944 2702 adhibendos

92 2739 197 2777 censeo.
234 2722 303 2777 Cum
314 2723 358 2776 his
369 2724 436 2778 mihi
447 2740 492 2777 res
510 2725 547 2777 sit
564 2724 611 2793 qui
628 2722 800 2793 emptionem
817 2725 944 2793 probant,

23 2794 26 2800 '
92 2814 208 2868 quorum
221 2798 248 2852 in
261 2799 372 2882 cpnsilio
384 2802 503 2855 omnium
521 2806 644 2855 vestrum
661 2816 796 2855 consensu
812 2801 945 2871 pristinae

13 3297 65 3381 A

86 2873 214 2925 residere
240 2874 352 2927 virtutis
380 2877 512 2930 memoria
540 2876 657 2931 videtur.
694 2877 789 2931 Animi
817 2880 862 2931 cst
890 2878 946 2932 ista

92 2946 227 3013 mollities,
239 2964 293 3000 non
306 2950 399 3017 virtus,
411 2953 529 3021 inopiam
542 2953 691 3023 paullisper
702 2953 776 3007 terre
786 2969 841 3008 non
858 2970 945 3023 posse.

96 3019 147 3082 Qui
166 3022 286 3074 scultro
305 3026 388 3078 morti
407 3027 523 3082 offerant
541 3029 647 3082 facilius
667 3030 845 3098 reperiuntur
863 3046 945 3098 quam

95 3093 141 3177 qui
153 3093 275 3147 dolorem
291 3099 430 3164 patienter
446 3103 545 3158 ierant.
573 3107 667 3172 Atque
685 3121 737 3173 ega
754 3105 825 3161 hanc
837 3110 946 3160 sentcn-

95 3167 405 3237 t1amprobarcm,-narn
423 3178 497 3244 apud
514 3195 560 3234 me
577 3183 685 3235 tantum
704 3182 825 3250 dignitas
841 3186 945 3252 potest,
