2175 3409
494 115 607 166 LIBER
622 115 658 167 V.
975 118 1008 166 95

154 197 198 256 nis
223 198 366 253 itineribus
393 197 423 251 ln
448 197 612 251 Nerviorum
642 196 718 251 flues
753 196 799 250 Ibl
829 211 865 250 ex
893 196 1009 266 captivis

154 275 293 343 cognoscit
303 290 374 344 quae
385 273 460 343 apud
473 273 633 327 Ciceronem
650 274 789 340 gerantur,
806 274 964 341 quantoque
980 272 1009 326 in

154 350 274 419 periculo
286 367 331 404 res
343 351 387 405 sit.
424 350 493 402 Tum
505 347 611 402 cuidam
625 364 659 402 ex
676 347 816 416 equitibus
833 347 918 401 Gallis
933 364 1009 415 mag-
1043 375 1046 380 ·

154 426 197 479 nis
220 425 349 492 praemiis
372 425 521 495 persuadet
548 424 589 478 uti
616 423 653 477 ad
681 423 840 477 Ciceronem
866 423 1009 491 epistolam

155 501 269 556 deferat.
306 501 386 555 Hauc
407 500 519 555 Graecis
540 500 721 568 conscriptam
740 498 841 553 litteris
860 498 955 566 mittit,
973 515 1010 551 ne
1063 541 1066 546 ⁴

154 576 307 646 intercepta
330 577 446 645 epistola
463 578 559 630 nostra
576 575 612 629 ab
629 573 753 629 hostibus
770 574 882 628 consilia
898 590 1010 642 cognos-

101 689 108 700 ·
155 655 262 707 cantur.
298 653 327 708 Si
346 652 423 707 adire
441 668 496 705 non
515 651 610 718 possit,
631 653 725 704 monet
743 652 776 703 ut
794 649 930 717 tragulam
948 665 1009 702 cum

106 752 112 764 ·
156 729 272 797 epistola
283 729 320 782 ad
332 731 472 782 amentum
488 727 609 795 deligata
625 725 699 780 intra
713 725 892 780 mimitionem
908 728 1010 779 castro-

75 828 77 831 >
156 803 348 872 rumabjiciat.
385 804 419 857 In
431 802 533 857 litteris
545 801 641 855 scribit
657 818 688 856 se
704 818 766 856 cum
782 800 933 870 legionibus
948 816 1011 869 pro-

156 880 258 933 fectum
270 878 398 933 celeriter
409 879 517 933 adfore:
536 877 664 931 hortatur
676 881 708 932 ut
719 877 865 946 pristinam
877 877 1009 930 urtutem

156 955 281 1009 retineat.
318 954 412 1008 Gallus
424 945 575 1023 pericnlum
587 953 700 1020 veritus,
709 956 743 1007 ut
753 955 815 1006 erat
824 954 1009 1021 praeceptum,

155 1030 292 1097 tragulam
300 1030 395 1084 mittit.
411 1030 502 1083 'Haec
510 1045 575 1083 casu
583 1027 620 1082 ad
628 1029 728 1082 turrim
736 1028 868 1094 adhaesit,
877 1043 967 1096 neque
975 1026 1011 1080 ab

156 1103 941 1173 nostrisbiduoanimadversatertiodieaquodam'milite
949 1118 1011 1156 con-

157 1180 285 1249 spicitur3
297 1180 409 1248 dempta
426 1180 632 1234 sticeronem
641 1180 773 1233 defertur.
802 1178 855 1232 Ille
862 1178 1011 1248 perlectam

157 1256 187 1309 in
205 1258 341 1310 conventu
354 1255 472 1310 militum
485 1256 593 1324 recitat,
607 1255 781 1323 maximaque
797 1255 891 1308 omnes
906 1253 1012 1307 laetitia

157 1331 259 1386 adficit.
295 1331 363 1384 Turn
374 1331 442 1385 fumi
454 1330 641 1385 incendiorum
652 1330 747 1401 procul
759 1329 929 1397 videbantur,
941 1344 1012 1397 quae

157 1423 203 1460 res
210 1421 322 1460 ,ornnem
334 1405 534 1461 dubitationem
546 1406 681 1460 adrentus
692 1405 830 1474 legionum
842 1405 954 1474 expulit

209 1487 251 1537 49.
289 1481 359 1535 Galli
383 1499 415 1536 re
438 1482 548 1550 cognita
567 1497 618 1549 per
637 1481 824 1550 exploratores
842 1480 1012 1534 obsidionem

158 1556 324 1627 relinquunt,
347 1558 385 1611 ad
408 1557 553 1611 Caesarem
576 1555 701 1611 omnibus
726 1556 810 1625 copiis
830 1555 1012 1610 contendunt:

158 1632 211 1687 hae
228 1636 307 1687 erant
325 1635 492 1687 armatomm
510 1632 620 1687 circiter
644 1632 719 1687 milia
745 1647 789 1686 nx
825 1632 920 1686 Cicero
946 1631 1013 1684 data

158 1709 289 1763 facultate
316 1709 424 1774 Callum
452 1708 488 1762 ab
516 1708 614 1762 eodem
642 1708 799 1776 Verticone,
824 1724 906 1778 quem
930 1722 1014 1775 supra

159 1784 413 1852 demonstravimus,
427 1784 530 1853 repetit
542 1784 590 1853 qui
603 1784 711 1838 litteras
727 1784 762 1836 ad
781 1785 926 1837 Caesarem
943 1782 1013 1836 refe-

42 1907 46 1913 .
159 1864 216 1915 rat:
244 1860 316 1915 hunc
343 1860 473 1914 admonet
500 1859 554 1913 iter
579 1862 659 1913 caute
686 1858 888 1927 diligenterque
915 1858 1012 1912 faciat:

159 1935 306 2004 perscribit
316 1936 345 1989 in
356 1935 464 2003 litteris,
477 1935 570 1989 hostes
581 1934 617 1988 ab
632 1951 662 1989 se
679 1934 836 1988 discessisse
852 1948 1013 2001 omnemque

160 2011 196 2064 ad
213 2027 276 2065 eum
294 2010 498 2064 multitudinem
516 2011 689 2064 convertisse.
725 2008 831 2073 Quibus
847 2007 949 2063 litteris
964 2008 1014 2062 cir-

160 2086 229 2140 citer
252 2086 343 2140 media
367 2088 447 2139 nocte
471 2085 574 2139 Caesar
597 2085 686 2139 allatis
711 2100 773 2139 suos
790 2084 857 2138 facit
874 2083 1014 2150 certiores,

160 2178 261 2230 eosque
284 2162 321 2216 ad
340 2160 524 2215 dimicandum
542 2160 632 2214 animo
655 2159 811 2214 confirmat:
833 2161 944 2229 postero
968 2157 1015 2212 die

160 2237 221 2291 luce
243 2237 333 2306 prima
356 2239 448 2291 movet
471 2239 569 2304 castra,
594 2239 625 2290 et
650 2236 759 2292 circiter
784 2234 860 2289 milia
885 2249 1015 2302 passuum

161 2315 279 2380 quatuor
290 2327 450 2381 progressus
462 2315 539 2366 trans
551 2312 649 2366 vallem
661 2326 788 2379 magnam
801 2313 831 2364 et
842 2310 930 2363 rivum
946 2308 1015 2362 mul·
1046 2365 1048 2369 ,

152 2387 309 2461 ,titudinem
320 2386 442 2441 hostium
454 2387 631 2455 conspicatur.
667 2388 736 2441 Elrat
746 2385 837 2453 magni
850 2384 962 2453 periculi
971 2400 1016 2438 res

161 2479 224 2516 cum
242 2462 328 2516 tantis
347 2462 432 2531 copiis
450 2459 543 2530 iniquo
562 2462 621 2516 loco
645 2461 790 2527 dimicare;
808 2464 868 2515 tum
887 2461 1016 2529 quoniam

162 2537 305 2591 obsidione
327 2537 475 2592 liberatum
499 2538 659 2592 Ciceronem
683 2537 793 2606 sciebat,
815 2553 903 2605 aequo
925 2536 1016 2589 animo

162 2613 361 2668 remittendum
385 2613 421 2667 de
444 2613 585 2669 celeritate
609 2612 792 2668 existimabat.
829 2610 968 2679 Consedit,
988 2614 1018 2664 et

162 2705 247 2758 quam
269 2689 432 2758 aequissimo
452 2692 544 2758 potest
565 2689 624 2744 loeo
645 2692 736 2743 castra
756 2689 912 2754 communit,
934 2690 1018 2755 atque

165 2764 233 2818 haec
244 2764 297 2818 etsi
309 2767 388 2818 erant
409 2764 509 2832 exigua
524 2780 575 2833 per
589 2781 626 2832 se,
639 2764 685 2818 vix
700 2763 839 2818 hominum
854 2762 960 2816 milium
976 2775 1018 2815 ιιι

163 2839 327 2910 praesertim
353 2839 442 2893 nullis
458 2857 520 2894 cum
540 2840 751 2909 impedimentis,
770 2843 863 2893 tamen
884 2837 1018 2905 angustiis

163 2917 270 2970 viarum
283 2931 366 2983 quam
376 2914 495 2969 maxime
506 2920 600 2985 potest
612 2916 749 2970 contrahit
760 2932 793 2969 eo
814 2912 926 2967 oonsilio
942 2914 974 2965 ut
989 2911 1018 2962 in

163 3008 298 3046 summam
310 2992 541 3061 contemptionem
555 2991 681 3046 hostibus
697 2991 796 3045 veniat.
827 2987 943 3041 Interim
960 3001 1019 3053 spe

162 3067 329 3121 culatoribus
340 3068 370 3120 in
380 3083 475 3121 omnes
491 3071 585 3136 partes
605 3065 723 3119 dimissis
741 3063 933 3132 exploratque
947 3074 1019 3134 comf

163 3142 322 3198 modissime
333 3142 432 3198 itinere
444 3142 542 3197 vallem
555 3142 673 3197 transire
683 3139 777 3209 possit.
