2175 3409
497 121 609 170 LIBER
620 121 691 172 VII.
976 125 1023 175 127

173 200 351 269 studendum,
361 203 395 255 ut
411 200 586 270 pabulatione
597 205 628 256 et
642 206 796 256 commeatu
808 202 925 257 Romani
935 204 1027 272 prohi-

176 276 306 333 beantur:
325 278 355 331 id
367 294 427 332 esse
440 278 526 346 facile,
539 279 614 348 quod
626 279 751 347 equitatu
766 279 819 345 ipsi
836 278 985 347 abundent,
997 284 1027 335 et

175 353 250 422 quod
268 354 330 407 anni
350 358 477 423 tempore
495 354 685 409 subleventur:
709 355 839 424 pabulum
864 357 950 410 secari
973 374 1027 410 non

175 445 270 498 posse3
288 430 440 484 necessario
453 430 593 500 dispersos
610 432 703 486 hostes
715 448 749 485 ex
767 431 899 486 aediliciis
916 436 1026 501 petere:

175 504 225 559 hos
237 522 331 559 omnes
342 506 467 575 quotidie
475 506 511 560 ab
521 506 659 576 equitibus
668 507 755 562 deleri
764 524 850 577 posse.
877 508 1027 563 Praeterea

176 581 272 635 salutis
284 598 365 636 eausa
379 582 421 636 rei
437 583 580 636 familiaris
596 583 739 637 commoda
753 584 933 651 negligenda:
952 584 1027 640 vicos

174 660 259 724 atque
279 657 403 713 aedificia
425 658 533 712 incendi
558 662 685 728 oportere
708 659 759 713 hoc
783 660 871 728 spatio
894 660 923 729 [a
946 660 1027 730 Boia]

115 761 121 771 ·
175 748 283 801 quoquo
301 749 396 787 versus
415 750 472 802 quo
488 733 638 802 pabulandi
655 751 737 789 musa
754 734 832 789 adire
851 752 932 803 posse
948 735 1027 791 'ride-

175 812 262 862 antur.
299 809 407 862 Harum
430 810 505 878 ipsis¹
519 826 612 864 rerum
635 812 739 879 copiam
769 815 922 881 suppetere,
951 812 1026 880 qnod

176 900 290 950 quorum
302 884 442 939 infinibus
455 884 558 939 bellum
576 889 690 954 geratur
707 903 802 940 eorum
820 887 917 956 opibus
934 888 1026 942 suble-

175 964 287 1015 ventur:
308 960 444 1014 Romanos
456 965 504 1015 aut
522 962 640 1030 inopiam
658 978 712 1016 uon
730 962 842 1030 laturos,
860 966 909 1017 aut
927 980 1026 1032 magno

175 1051 237 1088 eum
259 1036 379 1105 periculo
402 1037 508 1104 longius
529 1036 565 1090 ab
588 1039 686 1091 castris
708 1054 913 1107 progressuros:
936 1056 1026 1108 neque

175 1112 309 1165 interesse
331 1112 439 1181 ipsosne
461 1113 628 1167 interficiant
649 1113 888 1182 impedimentisne
916 1119 1041 1182 exuant·

176 1187 274 1254 quibus
301 1188 408 1242 amissis
437 1188 539 1243 bellum
569 1190 629 1257 geri
663 1206 718 1243 non
746 1191 840 1258 possit.
877 1190 1026 1244 Praeterea

175 1262 276 1331 oppida
294 1262 406 1317 incendi
430 1268 558 1332 oportere
581 1281 652 1331 quae
675 1281 729 1317 non
748 1264 900 1318 munitione
921 1269 950 1319 et
973 1265 1025 1319 loci

174 1342 274 1392 natura
292 1338 328 1392 ab
347 1339 420 1392 omni
440 1339 496 1393 sint
513 1340 637 1409 periculo
659 1344 729 1408 tnta,
753 1356 808 1393 neu
831 1340 887 1394 suis
911 1341 966 1394 sint
989 1340 1026 1394 ad

175 1412 384 1469 detractandam
406 1414 532 1469 militiam
550 1416 729 1484 receptacula,
746 1432 801 1469 nen
818 1415 948 1469 Romanis
965 1432 1026 1485 pro

174 1490 263 1557 posita
286 1489 323 1543 ad
342 1490 448 1559 copiam
471 1494 640 1545 commeatus
658 1490 844 1559 praedamque
867 1490 1025 1546 tollendam.

176 1566 253 1620 Haeo
265 1567 288 1620 si
299 1567 393 1634 grevia
403 1569 452 1620 aut
464 1565 562 1621 acerba
574 1566 727 1634 rideantur,
746 1566 833 1620 multo
850 1567 898 1622 illa
913 1567 1024 1636 gravim

174 1642 321 1696 aestimare
337 1641 446 1708 debere,
461 1641 570 1710 liberos,
588 1642 718 1710 conjuges
735 1642 764 1696 iu
782 1643 942 1698 servitutem
963 1643 1024 1697 abs·

175 1717 256 1783 trahi,
269 1719 343 1786 ipsos
355 1717 488 1782 interfici;
507 1734 579 1787 quae
591 1718 628 1771 sit
638 1734 749 1772 neeesse
761 1718 885 1772 accidere
896 1719 983 1773 victis.

5 1813 6 1844 i
229 1799 267 1847 15.
305 1792 434 1846 Omnium
456 1809 589 1847 consensu
609 1792 661 1847 hac
680 1794 817 1848 sententia
835 1793 950 1861 probata
969 1811 1024 1848 uno

5 1899 6 1922 t
121 1908 124 1913 .
175 1868 224 1921 die
245 1868 361 1936 amplius
383 1883 423 1921 xx
442 1868 525 1922 urbes
549 1868 707 1937 Biturigum
733 1869 921 1924 incenduntur.
963 1870 1025 1923 Hoc

175 1943 249 1997 idem
270 1944 303 1998 fit
320 1945 348 1997 iu
368 1944 481 2014 reliquis
504 1944 668 1999 civitatibus.
705 1945 738 1998 In
756 1944 881 1998 omnibus
898 1945 1025 2013 pertibus

175 2019 302 2074 incendia
321 2021 538 2088 conspiciuntur,
556 2037 627 2089 quae
648 2022 701 2075 etsi
723 2036 822 2088 magno
846 2036 908 2073 crum
931 2020 1025 2075 doloro

175 2112 270 2150 omnes
292 2095 426 2164 ferebant,
450 2100 542 2150 tamen
566 2097 617 2150 hoc
640 2096 692 2150 sibi
715 2097 804 2150 solatii
830 2096 1025 2164 proponebant,

176 2172 250 2241 quod
261 2189 291 2227 se
303 2188 389 2241 prope
401 2173 542 2241 explorata
561 2174 674 2227 victoria
692 2173 819 2227 celeriter
843 2172 942 2225 amissa
958 2172 1025 2225 reci·

175 2251 319 2316 peraturos
331 2248 510 2303 confidebant
548 2248 725 2303 Deliberatur
736 2248 773 2303 de
786 2248 904 2302 Avarico
913 2248 943 2301 in
953 2263 1025 2301 com·

175 2324 250 2377 muni
262 2323 380 2390 concilio,
392 2324 502 2378 incendi
513 2325 635 2394 placeret
647 2342 682 2378 au
691 2324 810 2379 defendi.
840 2323 1026 2378 Procumbunt

176 2398 302 2453 omnibus
321 2398 406 2453 Gallis
424 2399 461 2453 ad
479 2400 565 2470 pedes
584 2402 732 2469 Bituriges,
752 2400 796 2453 Ne
816 2400 1026 2469 pulcherrimam

175 2491 269 2544 prope
284 2476 370 2529 totius
400 2476 504 2530 Galliae
532 2476 638 2545 urbem,
672 2494 742 2546 quae
772 2480 801 2531 et
829 2476 967 2544 praesidio
996 2478 1026 2530 et

176 2555 335 2605 ornamento
355 2551 392 2606 sit
410 2552 523 2620 civitati,
542 2554 599 2607 suis
618 2553 745 2607 manibus
765 2553 929 2608 succendere
947 2569 1026 2621 coge

176 2631 287 2693 rentur:
306 2628 386 2681 facile
407 2644 437 2682 se
456 2627 508 2682 loci
528 2632 628 2704 natura
649 2630 809 2683 defensuros
830 2629 936 2696 dicunt,
952 2628 1026 2696 qnod

65 2765 66 2768 Ἰ
175 2719 261 2772 prope
273 2720 307 2757 ex
319 2702 446 2757 omnibus
454 2704 581 2772 partibus
590 2706 701 2760 flumine
710 2708 740 2760 et
748 2705 848 2774 palude
858 2704 1027 2759 circumdata

176 2796 260 2833 unum
272 2778 373 2833 habeat
385 2783 414 2833 et
424 2784 622 2848 perangustum
633 2782 747 2836 aditum.
770 2781 860 2834 Datur
868 2779 1027 2849 petentibus

176 2856 262 2922 venia,
280 2856 458 2910 dissuadente
477 2857 565 2925 primo
589 2857 824 2925 Vercingetorige,
847 2860 911 2926 post
933 2871 1027 2910 conce-

177 2932 261 2986 dente
278 2935 308 2985 et
323 2932 449 3000 precibus
464 2933 586 3002 ipsorum
601 2937 631 2988 et
649 2933 836 2988 misericordia
855 2932 936 2999 vulgi.
973 2931 1027 2984 De·

176 3008 299 3061 sensores
311 3008 412 3077 oppido
424 3008 517 3062 idonei
529 3009 694 3077 deliguntur.

231 3090 272 3139 16.
308 3084 518 3152 Vercingetorix
537 3085 689 3139 minoribus
714 3085 859 3138 Caesarem
883 3078 1027 3135 itineribus

178 3158 363 3229 subsequitur,
376 3164 405 3215 et
416 3160 504 3214 locum
517 3160 615 3216 castris
626 3160 724 3228 deligit
737 3157 883 3226 paludibus
898 3153 1028 3220 silvisque

1017 3319 1086 3371 A
