<?xml version="1.0" encoding="UTF-8"?>
<!DOCTYPE html PUBLIC "-//W3C//DTD XHTML 1.0 Transitional//EN"
    "http://www.w3.org/TR/xhtml1/DTD/xhtml1-transitional.dtd">
<html xmlns="http://www.w3.org/1999/xhtml" xml:lang="en" lang="en">
 <head>
  <title>
</title>
<meta http-equiv="Content-Type" content="text/html;charset=utf-8" />
  <meta name='ocr-system' content='tesseract 3.04.00' />
  <meta name='ocr-capabilities' content='ocr_page ocr_carea ocr_par ocr_line ocrx_word'/>
</head>
<body>
  <div class='ocr_page' id='page_1' title='image "./cjuliicaesarisc00longgoog_0149.png"; bbox 0 0 2175 3409; ppageno 0'>
   <div class='ocr_carea' id='block_1_1' title="bbox 163 109 1015 260">
    <p class='ocr_par' dir='ltr' id='par_1_1' title="bbox 163 109 1015 260">
     <span class='ocr_line' id='line_1_1' title="bbox 480 109 1013 162; baseline 0.008 -5"><span class='ocrx_word' id='word_1_1' title='bbox 480 110 590 162; x_wconf 81' lang='lat' dir='ltr'>LIBER</span> <span class='ocrx_word' id='word_1_2' title='bbox 606 109 672 158; x_wconf 82' lang='lat' dir='ltr'><strong>Vll.</strong></span> <span class='ocrx_word' id='word_1_3' title='bbox 966 114 1013 161; x_wconf 77' lang='lat'><strong>189</strong></span> 
     </span>
     <span class='ocr_line' id='line_1_2' title="bbox 163 190 1015 260; baseline -0.001 -13"><span class='ocrx_word' id='word_1_4' title='bbox 163 191 365 247; x_wconf 83' lang='lat' dir='ltr'><strong>interficiamus.</strong></span> <span class='ocrx_word' id='word_1_5' title='bbox 401 190 531 248; x_wconf 73' lang='lat' dir='ltr'><strong>Ostendit</strong></span> <span class='ocrx_word' id='word_1_6' title='bbox 549 191 622 246; x_wconf 88' lang='lat' dir='ltr'><strong>cives</strong></span> <span class='ocrx_word' id='word_1_7' title='bbox 638 191 783 258; x_wconf 83' lang='lat' dir='ltr'><strong>Romanos,</strong></span> <span class='ocrx_word' id='word_1_8' title='bbox 795 192 843 259; x_wconf 91' lang='lat' dir='ltr'><strong>qui</strong></span> <span class='ocrx_word' id='word_1_9' title='bbox 859 190 920 260; x_wconf 91' lang='lat' dir='ltr'><strong>ejus</strong></span> <span class='ocrx_word' id='word_1_10' title='bbox 935 207 1015 260; x_wconf 83' lang='lat' dir='ltr'><strong>prae·</strong></span> 
     </span>
    </p>
   </div>
   <div class='ocr_carea' id='block_1_2' title="bbox 83 267 1014 336">
    <p class='ocr_par' dir='ltr' id='par_1_2' title="bbox 83 267 1014 336">
     <span class='ocr_line' id='line_1_3' title="bbox 83 267 1014 336; baseline 0.002 -10"><span class='ocrx_word' id='word_1_11' title='bbox 83 269 91 290; x_wconf 77' lang='lat'><em>³</em></span> <span class='ocrx_word' id='word_1_12' title='bbox 164 269 226 326; x_wconf 90' lang='lat' dir='ltr'><strong>sidii</strong></span> <span class='ocrx_word' id='word_1_13' title='bbox 250 268 349 323; x_wconf 85' lang='lat' dir='ltr'><strong>fiducia</strong></span> <span class='ocrx_word' id='word_1_14' title='bbox 371 285 425 322; x_wconf 87' lang='lat' dir='ltr'><strong>una</strong></span> <span class='ocrx_word' id='word_1_15' title='bbox 447 271 535 322; x_wconf 86' lang='lat' dir='ltr'><strong>erant.</strong></span> <span class='ocrx_word' id='word_1_16' title='bbox 571 267 707 322; x_wconf 81' lang='lat' dir='ltr'><strong>Continuo</strong></span> <span class='ocrx_word' id='word_1_17' title='bbox 725 284 853 336; x_wconf 81' lang='lat' dir='ltr'><strong>magnum</strong></span> <span class='ocrx_word' id='word_1_18' title='bbox 871 286 1014 328; x_wconf 84' lang='lat' dir='ltr'><strong>numerum</strong></span> 
     </span>
    </p>
   </div>
   <div class='ocr_carea' id='block_1_3' title="bbox 159 345 1016 3234">
    <p class='ocr_par' dir='ltr' id='par_1_3' title="bbox 163 345 1015 722">
     <span class='ocr_line' id='line_1_4' title="bbox 163 345 1015 414; baseline 0 -12"><span class='ocrx_word' id='word_1_19' title='bbox 163 346 294 402; x_wconf 83' lang='lat' dir='ltr'><strong>frumenti</strong></span> <span class='ocrx_word' id='word_1_20' title='bbox 313 348 534 413; x_wconf 76' lang='lat' dir='ltr'><strong>commeatusque</strong></span> <span class='ocrx_word' id='word_1_21' title='bbox 553 345 655 413; x_wconf 88' lang='lat' dir='ltr'><strong>diripit,</strong></span> <span class='ocrx_word' id='word_1_22' title='bbox 666 346 741 414; x_wconf 90' lang='lat' dir='ltr'><strong>ipsos</strong></span> <span class='ocrx_word' id='word_1_23' title='bbox 755 345 905 401; x_wconf 86' lang='lat' dir='ltr'><strong>crudeliter</strong></span> <span class='ocrx_word' id='word_1_24' title='bbox 920 364 1015 402; x_wconf 87' lang='lat' dir='ltr'><strong>excru-</strong></span> 
     </span>
     <span class='ocr_line' id='line_1_5' title="bbox 163 421 1014 480; baseline -0.001 0"><span class='ocrx_word' id='word_1_25' title='bbox 163 425 249 480; x_wconf 85' lang='lat' dir='ltr'><strong>ciatos</strong></span> <span class='ocrx_word' id='word_1_26' title='bbox 260 422 404 477; x_wconf 88' lang='lat' dir='ltr'><strong>interficit:</strong></span> <span class='ocrx_word' id='word_1_27' title='bbox 423 421 536 476; x_wconf 88' lang='lat' dir='ltr'><strong>mmcios</strong></span> <span class='ocrx_word' id='word_1_28' title='bbox 547 425 608 476; x_wconf 89' lang='lat' dir='ltr'><strong>tota</strong></span> <span class='ocrx_word' id='word_1_29' title='bbox 619 422 731 476; x_wconf 84' lang='lat' dir='ltr'><strong>civitate</strong></span> <span class='ocrx_word' id='word_1_30' title='bbox 744 422 904 477; x_wconf 81' lang='lat' dir='ltr'><strong>Aeduorum</strong></span> <span class='ocrx_word' id='word_1_31' title='bbox 922 424 1014 479; x_wconf 89' lang='lat' dir='ltr'><strong>dimit-</strong></span> 
     </span>
     <span class='ocr_line' id='line_1_6' title="bbox 163 497 1012 568; baseline -0.004 -12"><span class='ocrx_word' id='word_1_32' title='bbox 163 502 206 567; x_wconf 79' lang='lat' dir='ltr'><strong>tit,</strong></span> <span class='ocrx_word' id='word_1_33' title='bbox 224 500 322 555; x_wconf 88' lang='lat' dir='ltr'><strong>eodem</strong></span> <span class='ocrx_word' id='word_1_34' title='bbox 340 498 482 553; x_wconf 86' lang='lat' dir='ltr'><strong>mendacio</strong></span> <span class='ocrx_word' id='word_1_35' title='bbox 501 497 538 553; x_wconf 90' lang='lat' dir='ltr'><strong>dc</strong></span> <span class='ocrx_word' id='word_1_36' title='bbox 558 498 643 553; x_wconf 83' lang='lat' dir='ltr'><strong>caede</strong></span> <span class='ocrx_word' id='word_1_37' title='bbox 661 499 785 567; x_wconf 87' lang='lat' dir='ltr'><strong>equitum</strong></span> <span class='ocrx_word' id='word_1_38' title='bbox 808 501 839 552; x_wconf 86' lang='lat' dir='ltr'><strong>et</strong></span> <span class='ocrx_word' id='word_1_39' title='bbox 861 499 1012 568; x_wconf 81' lang='lat' dir='ltr'><strong>principum</strong></span> 
     </span>
     <span class='ocr_line' id='line_1_7' title="bbox 163 574 1014 647; baseline -0.002 -14"><span class='ocrx_word' id='word_1_40' title='bbox 163 580 318 647; x_wconf 80' lang='lat' dir='ltr'><strong>permovet:</strong></span> <span class='ocrx_word' id='word_1_41' title='bbox 337 575 465 629; x_wconf 84' lang='lat' dir='ltr'><strong>hortatur</strong></span> <span class='ocrx_word' id='word_1_42' title='bbox 479 576 512 629; x_wconf 92' lang='lat' dir='ltr'><strong>ut</strong></span> <span class='ocrx_word' id='word_1_43' title='bbox 527 574 609 628; x_wconf 81' lang='lat' dir='ltr'><strong>simili</strong></span> <span class='ocrx_word' id='word_1_44' title='bbox 620 575 727 628; x_wconf 89' lang='lat' dir='ltr'><strong>ratione</strong></span> <span class='ocrx_word' id='word_1_45' title='bbox 742 578 827 644; x_wconf 84' lang='lat' dir='ltr'><strong>atque</strong></span> <span class='ocrx_word' id='word_1_46' title='bbox 842 575 901 644; x_wconf 89' lang='lat' dir='ltr'><strong>ipse</strong></span> <span class='ocrx_word' id='word_1_47' title='bbox 916 575 1014 631; x_wconf 85' lang='lat' dir='ltr'><strong>iecerit</strong></span> 
     </span>
     <span class='ocr_line' id='line_1_8' title="bbox 163 653 571 722; baseline -0.012 -13"><span class='ocrx_word' id='word_1_48' title='bbox 163 671 227 710; x_wconf 88' lang='lat' dir='ltr'><strong>suas</strong></span> <span class='ocrx_word' id='word_1_49' title='bbox 238 653 351 722; x_wconf 85' lang='lat' dir='ltr'><strong>injurias</strong></span> <span class='ocrx_word' id='word_1_50' title='bbox 362 655 571 722; x_wconf 87' lang='lat' dir='ltr'><strong>persequantur.</strong></span> 
     </span>
    </p>

    <p class='ocr_par' dir='ltr' id='par_1_4' title="bbox 161 726 1014 1863">
     <span class='ocr_line' id='line_1_9' title="bbox 215 726 1014 798; baseline -0.004 -13"><span class='ocrx_word' id='word_1_51' title='bbox 215 734 258 785; x_wconf 50' lang='lat'><strong>391</strong></span> <span class='ocrx_word' id='word_1_52' title='bbox 293 727 463 798; x_wconf 81' lang='lat' dir='ltr'><strong>Eporedorix</strong></span> <span class='ocrx_word' id='word_1_53' title='bbox 483 727 606 794; x_wconf 81' lang='lat' dir='ltr'><strong>Aeduus,</strong></span> <span class='ocrx_word' id='word_1_54' title='bbox 618 742 724 780; x_wconf 92' lang='lat' dir='ltr'><strong>summo</strong></span> <span class='ocrx_word' id='word_1_55' title='bbox 739 726 798 781; x_wconf 89' lang='lat' dir='ltr'><strong>loco</strong></span> <span class='ocrx_word' id='word_1_56' title='bbox 813 731 895 782; x_wconf 89' lang='lat' dir='ltr'><strong>natus</strong></span> <span class='ocrx_word' id='word_1_57' title='bbox 910 728 1014 782; x_wconf 83' lang='lat' dir='ltr'><strong>adoles·</strong></span> 
     </span>
     <span class='ocr_line' id='line_1_10' title="bbox 163 802 1012 872; baseline -0.005 -10"><span class='ocrx_word' id='word_1_58' title='bbox 163 809 277 862; x_wconf 85' lang='lat' dir='ltr'><strong>censet</strong></span> <span class='ocrx_word' id='word_1_59' title='bbox 295 821 418 861; x_wconf 87' lang='lat' dir='ltr'><strong>summae</strong></span> <span class='ocrx_word' id='word_1_60' title='bbox 436 803 510 858; x_wconf 90' lang='lat' dir='ltr'><strong>domi</strong></span> <span class='ocrx_word' id='word_1_61' title='bbox 529 802 677 871; x_wconf 87' lang='lat' dir='ltr'><strong>potentiae,</strong></span> <span class='ocrx_word' id='word_1_62' title='bbox 696 804 726 857; x_wconf 88' lang='lat' dir='ltr'><strong>et</strong></span> <span class='ocrx_word' id='word_1_63' title='bbox 744 819 799 857; x_wconf 89' lang='lat' dir='ltr'><strong>una</strong></span> <span class='ocrx_word' id='word_1_64' title='bbox 822 803 1012 872; x_wconf 81' lang='lat' dir='ltr'><strong>Virdomarus,</strong></span> 
     </span>
     <span class='ocr_line' id='line_1_11' title="bbox 163 879 1014 952; baseline -0.002 -15"><span class='ocrx_word' id='word_1_65' title='bbox 163 883 222 952; x_wconf 88' lang='lat' dir='ltr'><strong>pari</strong></span> <span class='ocrx_word' id='word_1_66' title='bbox 234 885 327 937; x_wconf 85' lang='lat' dir='ltr'><strong>aetate</strong></span> <span class='ocrx_word' id='word_1_67' title='bbox 344 886 374 937; x_wconf 88' lang='lat' dir='ltr'><strong>et</strong></span> <span class='ocrx_word' id='word_1_68' title='bbox 389 880 486 951; x_wconf 82' lang='lat' dir='ltr'><strong>gratia,</strong></span> <span class='ocrx_word' id='word_1_69' title='bbox 503 879 553 933; x_wconf 91' lang='lat' dir='ltr'><strong>sed</strong></span> <span class='ocrx_word' id='word_1_70' title='bbox 568 895 671 946; x_wconf 88' lang='lat' dir='ltr'><strong>genere</strong></span> <span class='ocrx_word' id='word_1_71' title='bbox 686 879 796 947; x_wconf 79' lang='lat' dir='ltr'><strong>dispari,</strong></span> <span class='ocrx_word' id='word_1_72' title='bbox 813 896 895 948; x_wconf 88' lang='lat' dir='ltr'><strong>quem</strong></span> <span class='ocrx_word' id='word_1_73' title='bbox 912 881 1014 935; x_wconf 84' lang='lat' dir='ltr'><strong>Cacsar</strong></span> 
     </span>
     <span class='ocr_line' id='line_1_12' title="bbox 162 954 1012 1028; baseline -0.002 -15"><span class='ocrx_word' id='word_1_74' title='bbox 162 958 238 1028; x_wconf 87' lang='lat' dir='ltr'><strong>[sibi]</strong></span> <span class='ocrx_word' id='word_1_75' title='bbox 249 958 285 1012; x_wconf 91' lang='lat' dir='ltr'><strong>ab</strong></span> <span class='ocrx_word' id='word_1_76' title='bbox 297 958 434 1014; x_wconf 82' lang='lat' dir='ltr'><strong>Divitiaoo</strong></span> <span class='ocrx_word' id='word_1_77' title='bbox 445 955 579 1010; x_wconf 86' lang='lat' dir='ltr'><strong>traditum</strong></span> <span class='ocrx_word' id='word_1_78' title='bbox 592 970 626 1007; x_wconf 88' lang='lat' dir='ltr'><strong>cx</strong></span> <span class='ocrx_word' id='word_1_79' title='bbox 642 954 736 1008; x_wconf 91' lang='lat' dir='ltr'><strong>humili</strong></span> <span class='ocrx_word' id='word_1_80' title='bbox 752 954 811 1009; x_wconf 88' lang='lat' dir='ltr'><strong>loco</strong></span> <span class='ocrx_word' id='word_1_81' title='bbox 826 956 864 1009; x_wconf 85' lang='lat' dir='ltr'><strong>ad</strong></span> <span class='ocrx_word' id='word_1_82' title='bbox 880 972 1012 1012; x_wconf 84' lang='lat' dir='ltr'><strong>summam</strong></span> 
     </span>
     <span class='ocr_line' id='line_1_13' title="bbox 163 1031 1014 1104; baseline -0.001 -16"><span class='ocrx_word' id='word_1_83' title='bbox 163 1033 327 1102; x_wconf 88' lang='lat' dir='ltr'><strong>dignitatem</strong></span> <span class='ocrx_word' id='word_1_84' title='bbox 339 1034 515 1104; x_wconf 83' lang='lat' dir='ltr'><strong>perduxerat,</strong></span> <span class='ocrx_word' id='word_1_85' title='bbox 526 1032 555 1084; x_wconf 88' lang='lat' dir='ltr'><strong>in</strong></span> <span class='ocrx_word' id='word_1_86' title='bbox 568 1031 690 1098; x_wconf 85' lang='lat' dir='ltr'><strong>equitum</strong></span> <span class='ocrx_word' id='word_1_87' title='bbox 703 1048 816 1086; x_wconf 91' lang='lat' dir='ltr'><strong>numero</strong></span> <span class='ocrx_word' id='word_1_88' title='bbox 830 1041 1014 1087; x_wconf 80' lang='lat' dir='ltr'><strong>convenerant</strong></span> 
     </span>
     <span class='ocr_line' id='line_1_14' title="bbox 163 1106 1014 1179; baseline -0.001 -15"><span class='ocrx_word' id='word_1_89' title='bbox 163 1111 322 1167; x_wconf 90' lang='lat' dir='ltr'><strong>nominatim</strong></span> <span class='ocrx_word' id='word_1_90' title='bbox 344 1109 379 1164; x_wconf 91' lang='lat' dir='ltr'><strong>ab</strong></span> <span class='ocrx_word' id='word_1_91' title='bbox 402 1126 435 1164; x_wconf 89' lang='lat' dir='ltr'><strong>eo</strong></span> <span class='ocrx_word' id='word_1_92' title='bbox 454 1108 567 1163; x_wconf 79' lang='lat' dir='ltr'><strong>euocati.</strong></span> <span class='ocrx_word' id='word_1_93' title='bbox 604 1106 657 1160; x_wconf 90' lang='lat' dir='ltr'><strong>His</strong></span> <span class='ocrx_word' id='word_1_94' title='bbox 674 1110 734 1161; x_wconf 86' lang='lat' dir='ltr'><strong>erat</strong></span> <span class='ocrx_word' id='word_1_95' title='bbox 751 1109 824 1163; x_wconf 92' lang='lat' dir='ltr'><strong>inter</strong></span> <span class='ocrx_word' id='word_1_96' title='bbox 841 1125 871 1163; x_wconf 90' lang='lat' dir='ltr'><strong>se</strong></span> <span class='ocrx_word' id='word_1_97' title='bbox 888 1109 924 1164; x_wconf 90' lang='lat' dir='ltr'><strong>de</strong></span> <span class='ocrx_word' id='word_1_98' title='bbox 942 1111 1014 1179; x_wconf 87' lang='lat' dir='ltr'><strong>prin-</strong></span> 
     </span>
     <span class='ocr_line' id='line_1_15' title="bbox 162 1184 1014 1255; baseline 0 -15"><span class='ocrx_word' id='word_1_99' title='bbox 162 1186 257 1255; x_wconf 86' lang='lat' dir='ltr'><strong>cipatu</strong></span> <span class='ocrx_word' id='word_1_100' title='bbox 279 1186 426 1253; x_wconf 81' lang='lat' dir='ltr'><strong>contentio,</strong></span> <span class='ocrx_word' id='word_1_101' title='bbox 444 1185 519 1239; x_wconf 88' lang='lat' dir='ltr'><strong>etin</strong></span> <span class='ocrx_word' id='word_1_102' title='bbox 537 1184 585 1239; x_wconf 89' lang='lat' dir='ltr'><strong>illa</strong></span> <span class='ocrx_word' id='word_1_103' title='bbox 601 1184 812 1251; x_wconf 74' lang='lat' dir='ltr'><strong>magistratuum</strong></span> <span class='ocrx_word' id='word_1_104' title='bbox 830 1188 1014 1241; x_wconf 87' lang='lat' dir='ltr'><strong>controversia</strong></span> 
     </span>
     <span class='ocr_line' id='line_1_16' title="bbox 162 1260 1013 1333; baseline 0 -17"><span class='ocrx_word' id='word_1_105' title='bbox 162 1262 235 1316; x_wconf 87' lang='lat' dir='ltr'><strong>alter</strong></span> <span class='ocrx_word' id='word_1_106' title='bbox 246 1279 296 1333; x_wconf 91' lang='lat' dir='ltr'><strong>pro</strong></span> <span class='ocrx_word' id='word_1_107' title='bbox 313 1261 536 1327; x_wconf 81' lang='lat' dir='ltr'><strong>Convictolitane,</strong></span> <span class='ocrx_word' id='word_1_108' title='bbox 548 1261 620 1314; x_wconf 88' lang='lat' dir='ltr'><strong>alter</strong></span> <span class='ocrx_word' id='word_1_109' title='bbox 635 1277 685 1328; x_wconf 91' lang='lat' dir='ltr'><strong>pro</strong></span> <span class='ocrx_word' id='word_1_110' title='bbox 702 1260 771 1314; x_wconf 80' lang='lat' dir='ltr'><strong>Coto</strong></span> <span class='ocrx_word' id='word_1_111' title='bbox 786 1263 898 1315; x_wconf 90' lang='lat' dir='ltr'><strong>summis</strong></span> <span class='ocrx_word' id='word_1_112' title='bbox 916 1262 1013 1332; x_wconf 89' lang='lat' dir='ltr'><strong>opibus</strong></span> 
     </span>
     <span class='ocr_line' id='line_1_17' title="bbox 162 1336 1013 1408; baseline -0.002 -15"><span class='ocrx_word' id='word_1_113' title='bbox 162 1342 358 1408; x_wconf 87' lang='lat' dir='ltr'><strong>pugnaverant.</strong></span> <span class='ocrx_word' id='word_1_114' title='bbox 394 1337 436 1392; x_wconf 85' lang='lat' dir='ltr'><strong>Ex</strong></span> <span class='ocrx_word' id='word_1_115' title='bbox 452 1338 485 1392; x_wconf 91' lang='lat' dir='ltr'><strong>iis</strong></span> <span class='ocrx_word' id='word_1_116' title='bbox 502 1336 672 1406; x_wconf 78' lang='lat' dir='ltr'><strong>Eporedorix</strong></span> <span class='ocrx_word' id='word_1_117' title='bbox 695 1338 803 1405; x_wconf 85' lang='lat' dir='ltr'><strong>cognito</strong></span> <span class='ocrx_word' id='word_1_118' title='bbox 820 1338 935 1392; x_wconf 82' lang='lat' dir='ltr'><strong>Litavici</strong></span> <span class='ocrx_word' id='word_1_119' title='bbox 950 1355 1013 1393; x_wconf 85' lang='lat' dir='ltr'><strong>eon-</strong></span> 
     </span>
     <span class='ocr_line' id='line_1_18' title="bbox 162 1411 1014 1480; baseline 0 -12"><span class='ocrx_word' id='word_1_120' title='bbox 162 1415 223 1468; x_wconf 91' lang='lat' dir='ltr'><strong>silio</strong></span> <span class='ocrx_word' id='word_1_121' title='bbox 244 1415 335 1469; x_wconf 87' lang='lat' dir='ltr'><strong>media</strong></span> <span class='ocrx_word' id='word_1_122' title='bbox 352 1415 410 1469; x_wconf 83' lang='lat' dir='ltr'><strong>fere</strong></span> <span class='ocrx_word' id='word_1_123' title='bbox 426 1416 508 1468; x_wconf 87' lang='lat' dir='ltr'><strong>nocte</strong></span> <span class='ocrx_word' id='word_1_124' title='bbox 525 1429 584 1467; x_wconf 89' lang='lat' dir='ltr'><strong>rem</strong></span> <span class='ocrx_word' id='word_1_125' title='bbox 603 1411 639 1464; x_wconf 89' lang='lat' dir='ltr'><strong>ad</strong></span> <span class='ocrx_word' id='word_1_126' title='bbox 658 1412 803 1467; x_wconf 83' lang='lat' dir='ltr'><strong>Caesarem</strong></span> <span class='ocrx_word' id='word_1_127' title='bbox 823 1414 927 1480; x_wconf 79' lang='lat' dir='ltr'><strong>defert3</strong></span> <span class='ocrx_word' id='word_1_128' title='bbox 952 1417 1014 1468; x_wconf 86' lang='lat' dir='ltr'><strong>orat</strong></span> 
     </span>
     <span class='ocr_line' id='line_1_19' title="bbox 163 1488 1013 1559; baseline -0.001 -14"><span class='ocrx_word' id='word_1_129' title='bbox 163 1492 189 1545; x_wconf 90' lang='lat' dir='ltr'>N</span> <span class='ocrx_word' id='word_1_130' title='bbox 191 1508 207 1545; x_wconf 89' lang='lat' dir='ltr'><strong>e</strong></span> <span class='ocrx_word' id='word_1_131' title='bbox 218 1492 339 1559; x_wconf 85' lang='lat' dir='ltr'><strong>patiatur</strong></span> <span class='ocrx_word' id='word_1_132' title='bbox 353 1489 492 1545; x_wconf 87' lang='lat' dir='ltr'><strong>civitatem</strong></span> <span class='ocrx_word' id='word_1_133' title='bbox 508 1488 601 1559; x_wconf 82' lang='lat' dir='ltr'><strong>pravis</strong></span> <span class='ocrx_word' id='word_1_134' title='bbox 614 1488 828 1544; x_wconf 86' lang='lat' dir='ltr'><strong>adolescentium</strong></span> <span class='ocrx_word' id='word_1_135' title='bbox 844 1492 962 1545; x_wconf 89' lang='lat' dir='ltr'><strong>consiliis</strong></span> <span class='ocrx_word' id='word_1_136' title='bbox 977 1491 1013 1544; x_wconf 85' lang='lat' dir='ltr'><strong>ab</strong></span> 
     </span>
     <span class='ocr_line' id='line_1_20' title="bbox 161 1564 1012 1637; baseline 0.005 -17"><span class='ocrx_word' id='word_1_137' title='bbox 161 1567 282 1622; x_wconf 87' lang='lat' dir='ltr'><strong>amicitia</strong></span> <span class='ocrx_word' id='word_1_138' title='bbox 297 1566 391 1636; x_wconf 90' lang='lat' dir='ltr'><strong>populi</strong></span> <span class='ocrx_word' id='word_1_139' title='bbox 415 1565 531 1619; x_wconf 85' lang='lat' dir='ltr'><strong>Romani</strong></span> <span class='ocrx_word' id='word_1_140' title='bbox 549 1564 675 1631; x_wconf 87' lang='lat' dir='ltr'><strong>delicere,</strong></span> <span class='ocrx_word' id='word_1_141' title='bbox 692 1565 767 1631; x_wconf 88' lang='lat' dir='ltr'><strong>quod</strong></span> <span class='ocrx_word' id='word_1_142' title='bbox 783 1566 905 1622; x_wconf 80' lang='lat' dir='ltr'><strong>futurumr</strong></span> <span class='ocrx_word' id='word_1_143' title='bbox 922 1570 1012 1637; x_wconf 85' lang='lat' dir='ltr'><strong>provi-</strong></span> 
     </span>
     <span class='ocr_line' id='line_1_21' title="bbox 162 1640 1012 1712; baseline 0.005 -16"><span class='ocrx_word' id='word_1_144' title='bbox 162 1643 235 1711; x_wconf 84' lang='lat' dir='ltr'><strong>deat,</strong></span> <span class='ocrx_word' id='word_1_145' title='bbox 244 1645 266 1696; x_wconf 89' lang='lat' dir='ltr'><strong>si</strong></span> <span class='ocrx_word' id='word_1_146' title='bbox 276 1661 306 1698; x_wconf 89' lang='lat' dir='ltr'><strong>se</strong></span> <span class='ocrx_word' id='word_1_147' title='bbox 315 1645 358 1697; x_wconf 90' lang='lat' dir='ltr'><strong>tot</strong></span> <span class='ocrx_word' id='word_1_148' title='bbox 369 1642 509 1696; x_wconf 89' lang='lat' dir='ltr'><strong>hominum</strong></span> <span class='ocrx_word' id='word_1_149' title='bbox 520 1640 668 1693; x_wconf 88' lang='lat' dir='ltr'><strong>miliacum</strong></span> <span class='ocrx_word' id='word_1_150' title='bbox 680 1640 804 1696; x_wconf 90' lang='lat' dir='ltr'><strong>hostibus</strong></span> <span class='ocrx_word' id='word_1_151' title='bbox 815 1645 1012 1712; x_wconf 83' lang='lat' dir='ltr'><strong>conjunxerint,</strong></span> 
     </span>
     <span class='ocr_line' id='line_1_22' title="bbox 161 1716 1013 1789; baseline 0.001 -16"><span class='ocrx_word' id='word_1_152' title='bbox 161 1736 276 1788; x_wconf 90' lang='lat' dir='ltr'><strong>quorum</strong></span> <span class='ocrx_word' id='word_1_153' title='bbox 289 1720 405 1773; x_wconf 88' lang='lat' dir='ltr'><strong>salutem</strong></span> <span class='ocrx_word' id='word_1_154' title='bbox 417 1733 507 1786; x_wconf 90' lang='lat' dir='ltr'><strong>neque</strong></span> <span class='ocrx_word' id='word_1_155' title='bbox 523 1716 669 1786; x_wconf 90' lang='lat' dir='ltr'><strong>propinqui</strong></span> <span class='ocrx_word' id='word_1_156' title='bbox 686 1718 825 1787; x_wconf 81' lang='lat' dir='ltr'><strong>negligere</strong></span> <span class='ocrx_word' id='word_1_157' title='bbox 842 1737 932 1789; x_wconf 89' lang='lat' dir='ltr'><strong>neque</strong></span> <span class='ocrx_word' id='word_1_158' title='bbox 951 1723 1013 1776; x_wconf 85' lang='lat' dir='ltr'><strong>civi-</strong></span> 
     </span>
     <span class='ocr_line' id='line_1_23' title="bbox 161 1794 688 1863; baseline 0 -15"><span class='ocrx_word' id='word_1_159' title='bbox 161 1798 206 1848; x_wconf 87' lang='lat' dir='ltr'><strong>tas</strong></span> <span class='ocrx_word' id='word_1_160' title='bbox 217 1795 269 1849; x_wconf 90' lang='lat' dir='ltr'><strong>levi</strong></span> <span class='ocrx_word' id='word_1_161' title='bbox 281 1797 418 1849; x_wconf 82' lang='lat' dir='ltr'><strong>momento</strong></span> <span class='ocrx_word' id='word_1_162' title='bbox 429 1794 576 1847; x_wconf 83' lang='lat' dir='ltr'><strong>aestimare</strong></span> <span class='ocrx_word' id='word_1_163' title='bbox 587 1798 688 1863; x_wconf 89' lang='lat' dir='ltr'><strong>posset.</strong></span> 
     </span>
    </p>

    <p class='ocr_par' dir='ltr' id='par_1_5' title="bbox 159 1869 1016 3234">
     <span class='ocr_line' id='line_1_24' title="bbox 213 1869 1011 1943; baseline 0.005 -18"><span class='ocrx_word' id='word_1_164' title='bbox 213 1876 254 1925; x_wconf 81' lang='lat'><strong>40.</strong></span> <span class='ocrx_word' id='word_1_165' title='bbox 289 1872 391 1939; x_wconf 85' lang='lat' dir='ltr'><strong>Magus</strong></span> <span class='ocrx_word' id='word_1_166' title='bbox 402 1871 516 1925; x_wconf 83' lang='lat' dir='ltr'><strong>affectus</strong></span> <span class='ocrx_word' id='word_1_167' title='bbox 529 1869 711 1925; x_wconf 86' lang='lat' dir='ltr'><strong>sollieitudine</strong></span> <span class='ocrx_word' id='word_1_168' title='bbox 722 1869 774 1924; x_wconf 89' lang='lat' dir='ltr'><strong>boc</strong></span> <span class='ocrx_word' id='word_1_169' title='bbox 788 1872 887 1927; x_wconf 87' lang='lat' dir='ltr'><strong>nuncio</strong></span> <span class='ocrx_word' id='word_1_170' title='bbox 904 1873 1011 1943; x_wconf 80' lang='lat' dir='ltr'><strong>Caesar,</strong></span> 
     </span>
     <span class='ocr_line' id='line_1_25' title="bbox 161 1945 1012 2019; baseline 0.002 -17"><span class='ocrx_word' id='word_1_171' title='bbox 161 1948 237 2017; x_wconf 89' lang='lat' dir='ltr'><strong>quod</strong></span> <span class='ocrx_word' id='word_1_172' title='bbox 260 1964 369 2017; x_wconf 90' lang='lat' dir='ltr'><strong>semper</strong></span> <span class='ocrx_word' id='word_1_173' title='bbox 387 1947 548 2001; x_wconf 86' lang='lat' dir='ltr'><strong>Aeduorum</strong></span> <span class='ocrx_word' id='word_1_174' title='bbox 566 1945 670 1999; x_wconf 85' lang='lat' dir='ltr'><strong>civitati</strong></span> <span class='ocrx_word' id='word_1_175' title='bbox 687 1946 834 2015; x_wconf 85' lang='lat' dir='ltr'><strong>praecipue</strong></span> <span class='ocrx_word' id='word_1_176' title='bbox 851 1948 1012 2019; x_wconf 87' lang='lat' dir='ltr'><strong>indulserat,</strong></span> 
     </span>
     <span class='ocr_line' id='line_1_26' title="bbox 161 2021 1012 2094; baseline 0.005 -18"><span class='ocrx_word' id='word_1_177' title='bbox 161 2024 236 2078; x_wconf 88' lang='lat' dir='ltr'><strong>nulla</strong></span> <span class='ocrx_word' id='word_1_178' title='bbox 247 2024 409 2092; x_wconf 88' lang='lat' dir='ltr'><strong>interposita</strong></span> <span class='ocrx_word' id='word_1_179' title='bbox 420 2022 594 2076; x_wconf 86' lang='lat' dir='ltr'><strong>dubitatione</strong></span> <span class='ocrx_word' id='word_1_180' title='bbox 606 2021 882 2091; x_wconf 83' lang='lat' dir='ltr'><strong>legionesexp&#39;editas</strong></span> <span class='ocrx_word' id='word_1_181' title='bbox 894 2029 1012 2094; x_wconf 91' lang='lat' dir='ltr'><strong>quatuor</strong></span> 
     </span>
     <span class='ocr_line' id='line_1_27' title="bbox 161 2096 1012 2169; baseline 0.002 -17"><span class='ocrx_word' id='word_1_182' title='bbox 161 2100 368 2169; x_wconf 75' lang='lat' dir='ltr'><strong>equitatumque</strong></span> <span class='ocrx_word' id='word_1_183' title='bbox 379 2115 485 2152; x_wconf 90' lang='lat' dir='ltr'><strong>omnem</strong></span> <span class='ocrx_word' id='word_1_184' title='bbox 498 2114 533 2152; x_wconf 85' lang='lat' dir='ltr'><strong>ex</strong></span> <span class='ocrx_word' id='word_1_185' title='bbox 545 2097 642 2152; x_wconf 86' lang='lat' dir='ltr'><strong>castris</strong></span> <span class='ocrx_word' id='word_1_186' title='bbox 654 2096 755 2164; x_wconf 82' lang='lat' dir='ltr'><strong>educit,</strong></span> <span class='ocrx_word' id='word_1_187' title='bbox 767 2113 818 2150; x_wconf 88' lang='lat' dir='ltr'><strong>nec</strong></span> <span class='ocrx_word' id='word_1_188' title='bbox 830 2099 882 2153; x_wconf 84' lang='lat' dir='ltr'><strong>suit</strong></span> <span class='ocrx_word' id='word_1_189' title='bbox 894 2103 1012 2169; x_wconf 87' lang='lat' dir='ltr'><strong>spatium</strong></span> 
     </span>
     <span class='ocr_line' id='line_1_28' title="bbox 160 2173 1012 2244; baseline 0.004 -16"><span class='ocrx_word' id='word_1_190' title='bbox 160 2174 210 2228; x_wconf 87' lang='lat' dir='ltr'><strong>tali</strong></span> <span class='ocrx_word' id='word_1_191' title='bbox 222 2179 346 2244; x_wconf 83' lang='lat' dir='ltr'><strong>tempore</strong></span> <span class='ocrx_word' id='word_1_192' title='bbox 357 2176 394 2229; x_wconf 86' lang='lat' dir='ltr'><strong>ad</strong></span> <span class='ocrx_word' id='word_1_193' title='bbox 408 2173 595 2229; x_wconf 81' lang='lat' dir='ltr'><strong>contrahenda</strong></span> <span class='ocrx_word' id='word_1_194' title='bbox 611 2175 710 2238; x_wconf 86' lang='lat' dir='ltr'><strong>castra,</strong></span> <span class='ocrx_word' id='word_1_195' title='bbox 726 2173 800 2240; x_wconf 90' lang='lat' dir='ltr'><strong>quod</strong></span> <span class='ocrx_word' id='word_1_196' title='bbox 815 2189 860 2227; x_wconf 91' lang='lat' dir='ltr'><strong>res</strong></span> <span class='ocrx_word' id='word_1_197' title='bbox 878 2177 969 2243; x_wconf 88' lang='lat' dir='ltr'><strong>posita</strong></span> <span class='ocrx_word' id='word_1_198' title='bbox 983 2179 1012 2231; x_wconf 91' lang='lat' dir='ltr'><strong>in</strong></span> 
     </span>
     <span class='ocr_line' id='line_1_29' title="bbox 161 2248 1012 2320; baseline 0.004 -16"><span class='ocrx_word' id='word_1_199' title='bbox 161 2251 303 2306; x_wconf 88' lang='lat' dir='ltr'><strong>celeritate</strong></span> <span class='ocrx_word' id='word_1_200' title='bbox 320 2250 472 2304; x_wconf 82' lang='lat' dir='ltr'><strong>ridebatur.</strong></span> <span class='ocrx_word' id='word_1_201' title='bbox 507 2250 536 2304; x_wconf 73' lang='lat' dir='ltr'><strong>(l.</strong></span> <span class='ocrx_word' id='word_1_202' title='bbox 555 2249 671 2304; x_wconf 83' lang='lat' dir='ltr'><strong>Fabium</strong></span> <span class='ocrx_word' id='word_1_203' title='bbox 687 2248 807 2317; x_wconf 83' lang='lat' dir='ltr'><strong>legatum</strong></span> <span class='ocrx_word' id='word_1_204' title='bbox 823 2267 884 2303; x_wconf 89' lang='lat' dir='ltr'><strong>cum</strong></span> <span class='ocrx_word' id='word_1_205' title='bbox 901 2252 1012 2320; x_wconf 87' lang='lat' dir='ltr'><strong>legioni-</strong></span> 
     </span>
     <span class='ocr_line' id='line_1_30' title="bbox 161 2325 1011 2397; baseline 0.006 -18"><span class='ocrx_word' id='word_1_206' title='bbox 161 2325 213 2379; x_wconf 90' lang='lat' dir='ltr'><strong>bus</strong></span> <span class='ocrx_word' id='word_1_207' title='bbox 224 2342 247 2380; x_wconf 94' lang='lat'><strong>11</strong></span> <span class='ocrx_word' id='word_1_208' title='bbox 259 2327 356 2381; x_wconf 87' lang='lat' dir='ltr'><strong>castris</strong></span> <span class='ocrx_word' id='word_1_209' title='bbox 365 2326 500 2395; x_wconf 89' lang='lat' dir='ltr'><strong>pracsidio</strong></span> <span class='ocrx_word' id='word_1_210' title='bbox 509 2326 646 2394; x_wconf 86' lang='lat' dir='ltr'><strong>relinquit</strong></span> <span class='ocrx_word' id='word_1_211' title='bbox 681 2325 793 2379; x_wconf 84' lang='lat' dir='ltr'><strong>Fratres</strong></span> <span class='ocrx_word' id='word_1_212' title='bbox 803 2326 918 2382; x_wconf 85' lang='lat' dir='ltr'><strong>Litavici</strong></span> <span class='ocrx_word' id='word_1_213' title='bbox 928 2347 1011 2397; x_wconf 87' lang='lat' dir='ltr'><strong>quum</strong></span> 
     </span>
     <span class='ocr_line' id='line_1_31' title="bbox 161 2402 1011 2472; baseline 0.005 -16"><span class='ocrx_word' id='word_1_214' title='bbox 161 2403 355 2471; x_wconf 85' lang='lat' dir='ltr'><strong>comprehendi</strong></span> <span class='ocrx_word' id='word_1_215' title='bbox 374 2403 510 2471; x_wconf 86' lang='lat' dir='ltr'><strong>jussisset,</strong></span> <span class='ocrx_word' id='word_1_216' title='bbox 530 2402 623 2471; x_wconf 86' lang='lat' dir='ltr'><strong>paullo</strong></span> <span class='ocrx_word' id='word_1_217' title='bbox 640 2405 705 2456; x_wconf 87' lang='lat' dir='ltr'><strong>ante</strong></span> <span class='ocrx_word' id='word_1_218' title='bbox 722 2403 847 2472; x_wconf 86' lang='lat' dir='ltr'><strong>repperit</strong></span> <span class='ocrx_word' id='word_1_219' title='bbox 864 2404 900 2458; x_wconf 86' lang='lat' dir='ltr'><strong>sd</strong></span> <span class='ocrx_word' id='word_1_220' title='bbox 918 2405 1011 2460; x_wconf 91' lang='lat' dir='ltr'><strong>hostes</strong></span> 
     </span>
     <span class='ocr_line' id='line_1_32' title="bbox 160 2478 1011 2551; baseline 0.006 -20"><span class='ocrx_word' id='word_1_221' title='bbox 160 2479 319 2547; x_wconf 80' lang='lat' dir='ltr'><strong>profugisse.</strong></span> <span class='ocrx_word' id='word_1_222' title='bbox 354 2478 528 2532; x_wconf 88' lang='lat' dir='ltr'><strong>Adhortatus</strong></span> <span class='ocrx_word' id='word_1_223' title='bbox 543 2478 645 2531; x_wconf 87' lang='lat' dir='ltr'><strong>milites</strong></span> <span class='ocrx_word' id='word_1_224' title='bbox 663 2495 698 2532; x_wconf 91' lang='lat' dir='ltr'><strong>ne</strong></span> <span class='ocrx_word' id='word_1_225' title='bbox 713 2480 866 2533; x_wconf 86' lang='lat' dir='ltr'><strong>necessario</strong></span> <span class='ocrx_word' id='word_1_226' title='bbox 886 2484 1011 2551; x_wconf 90' lang='lat' dir='ltr'><strong>tempore</strong></span> 
     </span>
     <span class='ocr_line' id='line_1_33' title="bbox 160 2554 1009 2629; baseline 0.008 -23"><span class='ocrx_word' id='word_1_227' title='bbox 160 2554 266 2609; x_wconf 85' lang='lat' dir='ltr'><strong>itineris</strong></span> <span class='ocrx_word' id='word_1_228' title='bbox 276 2555 369 2610; x_wconf 85' lang='lat' dir='ltr'><strong>labore</strong></span> <span class='ocrx_word' id='word_1_229' title='bbox 380 2557 600 2624; x_wconf 84' lang='lat' dir='ltr'><strong>permoveantur,</strong></span> <span class='ocrx_word' id='word_1_230' title='bbox 613 2554 796 2623; x_wconf 83' lang='lat' dir='ltr'><strong>cupidissimis</strong></span> <span class='ocrx_word' id='word_1_231' title='bbox 808 2557 933 2612; x_wconf 88' lang='lat' dir='ltr'><strong>omnibus</strong></span> <span class='ocrx_word' id='word_1_232' title='bbox 943 2575 1009 2629; x_wconf 83' lang='lat' dir='ltr'><strong>pro·</strong></span> 
     </span>
     <span class='ocr_line' id='line_1_34' title="bbox 159 2631 1011 2705; baseline 0.008 -21"><span class='ocrx_word' id='word_1_233' title='bbox 159 2646 270 2698; x_wconf 88' lang='lat' dir='ltr'><strong>gressus</strong></span> <span class='ocrx_word' id='word_1_234' title='bbox 281 2631 357 2686; x_wconf 90' lang='lat' dir='ltr'><strong>milia</strong></span> <span class='ocrx_word' id='word_1_235' title='bbox 367 2641 495 2700; x_wconf 78' lang='lat' dir='ltr'><strong>passuum</strong></span> <span class='ocrx_word' id='word_1_236' title='bbox 508 2646 573 2696; x_wconf 85' lang='lat' dir='ltr'><strong>xxv,</strong></span> <span class='ocrx_word' id='word_1_237' title='bbox 585 2647 682 2698; x_wconf 87' lang='lat' dir='ltr'><strong>agmen</strong></span> <span class='ocrx_word' id='word_1_238' title='bbox 700 2631 859 2686; x_wconf 86' lang='lat' dir='ltr'><strong>Aeduorum</strong></span> <span class='ocrx_word' id='word_1_239' title='bbox 875 2636 1011 2705; x_wconf 88' lang='lat' dir='ltr'><strong>conspica-</strong></span> 
     </span>
     <span class='ocr_line' id='line_1_35' title="bbox 160 2707 1010 2783; baseline 0.007 -23"><span class='ocrx_word' id='word_1_240' title='bbox 160 2709 207 2760; x_wconf 91' lang='lat' dir='ltr'><strong>tus</strong></span> <span class='ocrx_word' id='word_1_241' title='bbox 218 2707 339 2762; x_wconf 88' lang='lat' dir='ltr'><strong>immisso</strong></span> <span class='ocrx_word' id='word_1_242' title='bbox 350 2707 476 2777; x_wconf 85' lang='lat' dir='ltr'><strong>equitatu</strong></span> <span class='ocrx_word' id='word_1_243' title='bbox 486 2707 541 2761; x_wconf 88' lang='lat' dir='ltr'><strong>iter</strong></span> <span class='ocrx_word' id='word_1_244' title='bbox 552 2723 647 2759; x_wconf 86' lang='lat' dir='ltr'><strong>eorum</strong></span> <span class='ocrx_word' id='word_1_245' title='bbox 658 2711 781 2760; x_wconf 89' lang='lat' dir='ltr'><strong>moratur</strong></span> <span class='ocrx_word' id='word_1_246' title='bbox 791 2713 875 2778; x_wconf 89' lang='lat' dir='ltr'><strong>atque</strong></span> <span class='ocrx_word' id='word_1_247' title='bbox 886 2711 1010 2783; x_wconf 84' lang='lat' dir='ltr'><strong>impedit,</strong></span> 
     </span>
     <span class='ocr_line' id='line_1_36' title="bbox 160 2782 1016 2857; baseline 0.007 -21"><span class='ocrx_word' id='word_1_248' title='bbox 160 2782 355 2854; x_wconf 85' lang='lat' dir='ltr'><strong>interdicitque</strong></span> <span class='ocrx_word' id='word_1_249' title='bbox 363 2784 702 2852; x_wconf 78' lang='lat' dir='ltr'><strong>omnibnsucquemquam</strong></span> <span class='ocrx_word' id='word_1_250' title='bbox 710 2783 880 2840; x_wconf 82' lang='lat' dir='ltr'><strong>interficiant.</strong></span> <span class='ocrx_word' id='word_1_251' title='bbox 909 2789 1016 2857; x_wconf 71' lang='lat' dir='ltr'><strong>Epora.</strong></span> 
     </span>
     <span class='ocr_line' id='line_1_37' title="bbox 161 2858 1010 2929; baseline 0.006 -16"><span class='ocrx_word' id='word_1_252' title='bbox 161 2858 284 2929; x_wconf 76' lang='lat' dir='ltr'><strong>‹lorigem</strong></span> <span class='ocrx_word' id='word_1_253' title='bbox 297 2864 326 2914; x_wconf 90' lang='lat' dir='ltr'><strong>et</strong></span> <span class='ocrx_word' id='word_1_254' title='bbox 342 2859 547 2926; x_wconf 78' lang='lat' dir='ltr'><strong>virdumarum,</strong></span> <span class='ocrx_word' id='word_1_255' title='bbox 559 2874 627 2928; x_wconf 93' lang='lat' dir='ltr'><strong>quos</strong></span> <span class='ocrx_word' id='word_1_256' title='bbox 643 2859 683 2913; x_wconf 88' lang='lat' dir='ltr'><strong>illi</strong></span> <span class='ocrx_word' id='word_1_257' title='bbox 699 2861 858 2916; x_wconf 84' lang='lat' dir='ltr'><strong>interfectos</strong></span> <span class='ocrx_word' id='word_1_258' title='bbox 874 2865 1010 2918; x_wconf 81' lang='lat' dir='ltr'><strong>existima-</strong></span> 
     </span>
     <span class='ocr_line' id='line_1_38' title="bbox 161 2931 1010 3006; baseline 0.005 -17"><span class='ocrx_word' id='word_1_259' title='bbox 161 2931 236 3002; x_wconf 86' lang='lat' dir='ltr'><strong>bant,</strong></span> <span class='ocrx_word' id='word_1_260' title='bbox 259 2938 332 2991; x_wconf 83' lang='lat' dir='ltr'><strong>irrter</strong></span> <span class='ocrx_word' id='word_1_261' title='bbox 355 2936 462 3004; x_wconf 87' lang='lat' dir='ltr'><strong>equites</strong></span> <span class='ocrx_word' id='word_1_262' title='bbox 486 2935 588 2990; x_wconf 83' lang='lat' dir='ltr'><strong>versari</strong></span> <span class='ocrx_word' id='word_1_263' title='bbox 612 2952 731 3005; x_wconf 91' lang='lat' dir='ltr'><strong>suosque</strong></span> <span class='ocrx_word' id='word_1_264' title='bbox 758 2938 897 3006; x_wconf 86' lang='lat' dir='ltr'><strong>appellare</strong></span> <span class='ocrx_word' id='word_1_265' title='bbox 920 2940 1010 3006; x_wconf 84' lang='lat' dir='ltr'><strong>jubet</strong></span> 
     </span>
     <span class='ocr_line' id='line_1_39' title="bbox 163 3011 1010 3082; baseline 0.001 -16"><span class='ocrx_word' id='word_1_266' title='bbox 163 3012 215 3066; x_wconf 90' lang='lat' dir='ltr'><strong>His</strong></span> <span class='ocrx_word' id='word_1_267' title='bbox 226 3014 343 3082; x_wconf 84' lang='lat' dir='ltr'><strong>cognitis</strong></span> <span class='ocrx_word' id='word_1_268' title='bbox 354 3015 384 3067; x_wconf 91' lang='lat' dir='ltr'><strong>ct</strong></span> <span class='ocrx_word' id='word_1_269' title='bbox 401 3011 516 3066; x_wconf 85' lang='lat' dir='ltr'><strong>Litaviei</strong></span> <span class='ocrx_word' id='word_1_270' title='bbox 532 3011 630 3065; x_wconf 87' lang='lat' dir='ltr'><strong>fraude</strong></span> <span class='ocrx_word' id='word_1_271' title='bbox 645 3017 791 3081; x_wconf 87' lang='lat' dir='ltr'><strong>perspecta</strong></span> <span class='ocrx_word' id='word_1_272' title='bbox 808 3014 898 3067; x_wconf 88' lang='lat' dir='ltr'><strong>Aedui</strong></span> <span class='ocrx_word' id='word_1_273' title='bbox 914 3029 1010 3067; x_wconf 89' lang='lat' dir='ltr'><strong>manus</strong></span> 
     </span>
     <span class='ocr_line' id='line_1_40' title="bbox 161 3087 1010 3157; baseline -0.001 -15"><span class='ocrx_word' id='word_1_274' title='bbox 161 3087 285 3156; x_wconf 80' lang='lat' dir='ltr'><strong>tendere,</strong></span> <span class='ocrx_word' id='word_1_275' title='bbox 297 3087 466 3142; x_wconf 87' lang='lat' dir='ltr'><strong>deditionem</strong></span> <span class='ocrx_word' id='word_1_276' title='bbox 478 3087 631 3156; x_wconf 82' lang='lat' dir='ltr'><strong>significare</strong></span> <span class='ocrx_word' id='word_1_277' title='bbox 647 3091 677 3140; x_wconf 84' lang='lat' dir='ltr'><strong>et</strong></span> <span class='ocrx_word' id='word_1_278' title='bbox 693 3087 823 3157; x_wconf 79' lang='lat' dir='ltr'><strong>projectis</strong></span> <span class='ocrx_word' id='word_1_279' title='bbox 839 3090 921 3141; x_wconf 81' lang='lat' dir='ltr'><strong>annis</strong></span> <span class='ocrx_word' id='word_1_280' title='bbox 939 3104 1010 3141; x_wconf 89' lang='lat' dir='ltr'><strong>mor-</strong></span> 
     </span>
     <span class='ocr_line' id='line_1_41' title="bbox 161 3162 1009 3234; baseline -0.007 -15"><span class='ocrx_word' id='word_1_281' title='bbox 161 3168 219 3219; x_wconf 84' lang='lat' dir='ltr'><strong>tem</strong></span> <span class='ocrx_word' id='word_1_282' title='bbox 231 3164 374 3234; x_wconf 87' lang='lat' dir='ltr'><strong>deprecari</strong></span> <span class='ocrx_word' id='word_1_283' title='bbox 386 3163 527 3231; x_wconf 85' lang='lat' dir='ltr'><strong>incipiunt.</strong></span> <span class='ocrx_word' id='word_1_284' title='bbox 563 3163 702 3216; x_wconf 86' lang='lat' dir='ltr'><strong>Litavicus</strong></span> <span class='ocrx_word' id='word_1_285' title='bbox 718 3178 780 3216; x_wconf 88' lang='lat' dir='ltr'><strong>cnm</strong></span> <span class='ocrx_word' id='word_1_286' title='bbox 797 3164 851 3215; x_wconf 87' lang='lat' dir='ltr'><strong>suis</strong></span> <span class='ocrx_word' id='word_1_287' title='bbox 866 3162 1009 3216; x_wconf 85' lang='lat' dir='ltr'><strong>clientibus</strong></span> 
     </span>
    </p>
   </div>
   <div class='ocr_carea' id='block_1_4' title="bbox 0 0 1092 3409">
    <p class='ocr_par' dir='ltr' id='par_1_6' title="bbox 0 0 1092 3409">
     <span class='ocr_line' id='line_1_42' title="bbox 0 0 1092 3409; baseline 0 0"><span class='ocrx_word' id='word_1_288' title='bbox 0 0 1092 3409; x_wconf 95' lang='lat' dir='ltr'><strong> </strong></span> 
     </span>
    </p>
   </div>
  </div>
 </body>
</html>
