2175 3409
164 146 447 214 hostempropulsare‚
457 142 569 196 tertiam
578 157 647 210 opus
657 144 791 212 perfluere
797 144 891 214 jussit.
924 142 1016 197 Muni-

164 222 202 275 tis
219 222 316 274 eastris
334 220 403 274 duas
421 218 461 272 ibi
476 215 600 285 legiones
618 217 731 289 reliquit
750 223 779 276 et
796 223 904 290 partem
921 219 1016 273 amili-

164 312 249 363 orum,
262 299 379 365 quatuor
390 295 509 363 reliquas
520 294 550 346 in
561 296 652 347 castra
663 295 768 364 majora
779 296 897 351 reduxit

217 378 258 426 60.
294 372 422 426 Proximo
434 371 480 424 die
492 370 620 424 instituto
633 386 682 425 suo
694 372 796 426 Caesar
805 389 821 426 e
829 371 927 427 eastris
935 370 1016 425 utris

164 464 220 517 que
235 448 327 516 copias
346 464 409 501 suas
425 445 522 502 eduxit
538 447 704 514 paulumque
720 463 738 501 a
752 447 901 516 majoribus
917 447 1016 501 eastris

163 539 325 592 progressus
341 523 428 576 aciem
444 520 585 586 instruxit,
601 520 726 576 hostibus
741 522 880 592 pugnandi
894 526 1016 591 potesta·

163 602 222 652 tem
240 599 312 653 fecit
348 597 404 653 Ubi
422 613 457 651 ue
474 600 535 651 tum
552 596 663 664 quidem
679 613 726 651 eos
741 599 853 668 prodire
870 597 1015 664 intellexit,

163 673 274 728 circiter
296 673 440 727 meridiem
464 673 616 726 exercitum
634 672 662 726 in
684 678 774 728 eastra
793 673 911 729 reduxit
945 674 1015 727 'lum

164 749 275 803 demum
290 748 444 803 Ariovistus
456 751 565 817 partem
577 763 687 801 suarum
696 749 835 818 copiamm
845 766 916 819 quae
924 752 1016 803 castra

165 825 270 877 minora
287 827 459 894 oppugnaret
474 822 557 876 misit
593 824 706 878 Acriter
720 825 860 894 utrimque
875 841 963 894 usque
978 823 1015 877 ad

164 916 308 969 vesperum
320 902 473 968 pugnatum
484 901 534 953 est.
572 898 642 952 Solis
653 915 750 953 occasu
761 916 825 953 suas
834 901 925 969 copias
935 900 1015 953 Ario·

163 973 251 1027 rietus
268 975 364 1029 multis
380 978 410 1028 et
427 974 510 1028 illatis
526 977 556 1027 et
571 975 692 1042 acceptis
707 973 865 1029 vulneribus
880 975 908 1028 in
924 978 1016 1029 castra

164 1048 283 1103 reduxit.
318 1049 409 1114 Quum
421 1067 456 1104 ex
468 1049 584 1118 captivis
601 1053 748 1118 quaereret
765 1051 865 1104 Caesar
881 1066 962 1119 quam
978 1050 1014 1104 ob

164 1139 224 1177 rem
236 1124 393 1179 Ariovistus
404 1124 508 1193 proelio
523 1140 577 1178 uon
594 1124 758 1191 decertaret,
773 1125 843 1178 hanc
859 1125 1016 1194 reperiebat

163 1215 281 1268 causam,
299 1199 374 1269 quod
392 1200 467 1269 apud
483 1200 634 1255 Germanos
650 1216 683 1254 ea
698 1200 866 1254 consuetudo
882 1204 963 1268 esset,
983 1205 1015 1254 ut

164 1278 267 1329 matres
283 1275 402 1330 familiae
418 1292 512 1329 eorum
529 1275 650 1329 sortibus
666 1279 696 1329 et
711 1275 948 1330 vaticinationibus
966 1276 1013 1330 dc·
1032 1329 1040 1336 „

77 1371 90 1394 a
164 1350 307 1417 clarerent,
319 1354 413 1405 utrum
425 1351 560 1420 proelium
572 1351 707 1405 committi
718 1342 818 1405 exbsu
829 1355 903 1406 esset
915 1367 1013 1406 necne:

164 1442 211 1479 cm
223 1426 263 1480 ita
278 1426 383 1492 dicere;
400 1427 462 1480 Non
477 1443 538 1480 esse
549 1426 591 1480 fae
603 1426 753 1504 Germanos
764 1443 902 1497 superare,
912 1427 936 1481 si
948 1432 1013 1482 ante

163 1518 261 1556 novam
271 1501 363 1556 lunam
375 1502 477 1572 proelio
489 1502 704 1557 contendissent.

215 1583 255 1630 51.
294 1577 432 1631 Postridie
452 1576 512 1646 ejus
531 1576 587 1630 diei
607 1577 709 1632 Caesar
728 1578 866 1648 praesidio
888 1579 1013 1647 utrisque

163 1652 261 1707 castris
273 1652 347 1721 quod
359 1653 426 1707 satis
443 1669 503 1707 esse
514 1654 602 1706 visum
615 1656 658 1707 eet
669 1654 779 1723 reliquit
788 1675 795 1719 ;
805 1670 904 1709 omnes
915 1655 1013 1708 alarios

163 1726 190 1781 in
209 1731 356 1798 conspectu
374 1728 493 1782 bostium
511 1745 562 1797 pro
582 1729 680 1783 castris
695 1728 846 1783 minoribus
861 1730 1011 1797 constituit,

164 1803 261 1873 quo[d]
283 1804 373 1857 minus
397 1804 576 1859 multitudine
592 1804 711 1859 militum
731 1805 941 1873 legionariorum
962 1822 1012 1875 pro

163 1878 283 1934 huetium
294 1896 408 1934 numero
419 1879 536 1947 valebat,
547 1884 579 1934 ut
590 1880 627 1933 ad
639 1880 757 1950 smciem
769 1880 862 1935 alariis
870 1883 1012 1948 uteretur;

163 1954 223 2024 ipse
240 1954 340 2024 triplici
355 1955 489 2010 instructa
500 1956 559 2018 acie
574 1972 661 2025 usquo
677 1956 714 2010 ad
729 1960 821 2011 caetra
836 1956 955 2012 hostium
970 1974 1011 2011 ac-

163 2031 252 2085 cessit.
288 2031 358 2085 'lum
376 2030 486 2085 demum
507 2031 660 2086 necessario
682 2031 812 2087 Germani
834 2049 897 2086 eoas
919 2032 1011 2101 copias

163 2106 260 2160 castris
276 2106 432 2160 eduxerrmt
448 2107 655 2176 generatimque
672 2108 881 2176 constituerunt,
899 2108 1011 2179 paribus

162 2181 320 2250 intervallis,
333 2182 470 2249 Harudes,
480 2182 676 2251 Marcomanos,
686 2183 836 2252 Triboccos,
844 2183 1010 2252 Vangiones,

163 2256 304 2326 Nemetes,
331 2257 466 2326 Sedusios‚
494 2258 606 2324 Suevos,
633 2274 795 2328 omnemque
820 2260 906 2313 aciem
933 2275 1010 2312 suam

161 2332 255 2386 rhe'dis
275 2336 305 2386 et
324 2334 409 2386 carris
430 2334 678 2402 circumdederunt,
695 2350 731 2388 ue
748 2350 803 2403 qua
820 2351 882 2403 spes
899 2333 928 2386 in
945 2334 1011 2401 fuga

79 2439 88 2466 a
162 2408 367 2478 relinqueretur.
403 2408 445 2462 Eo
455 2410 584 2463 mulieres
596 2410 791 2479 imposuerunt,
803 2426 873 2479 quae
889 2409 917 2462 in
933 2426 1010 2479 proc

161 2481 229 2537 lium
249 2483 452 2554 proficiscentes
468 2485 556 2553 passis
574 2484 698 2538 manibus
715 2484 812 2538 flentes
829 2483 1010 2554 implorabant

161 2575 197 2613 ne
208 2575 238 2613 se
249 2559 278 2613 in
290 2559 450 2614 servitutem
464 2559 592 2613 Romanis
603 2559 753 2615 traderent.

213 2640 254 2688 52.
292 2635 392 2690 Caesar
416 2634 529 2703 singulis
553 2635 705 2704 legionibus
722 2635 841 2704 singulos
857 2635 963 2705 legatos
980 2641 1010 2690 ct

161 2714 335 2778 quaestorem
346 2711 485 2780 praefecit,
496 2710 538 2764 uti
551 2728 599 2764 eos
613 2714 700 2765 testes
714 2728 779 2765 suae
795 2711 910 2780 quisque
925 2711 1010 2764 uirtu⁴

94 2805 107 2812 -
133 2835 135 2840 ,
160 2785 197 2838 tis
208 2784 337 2851 haberet;
348 2787 407 2854 ipse
418 2802 436 2839 a
447 2785 545 2840 dextro
557 2803 646 2852 cornu,
658 2787 731 2855 quod
743 2803 803 2840 eam
815 2791 922 2855 partem
932 2785 1010 2839 mini-

159 2875 204 2914 me
216 2861 323 2915 firmam
334 2860 455 2914 hostium
472 2878 533 2915 esse
551 2862 671 2916 animum
690 2863 855 2925 adverterat,
875 2861 1007 2930 proelium

159 2937 302 2991 commisit.
338 2936 383 2990 Ita
393 2937 480 2991 nostri
492 2938 593 2991 acriter
604 2937 633 2990 in
647 2936 740 2990 hostes
756 2938 834 3004 siguo
847 2936 913 2989 dato
925 2935 1009 3002 impe·

159 3015 219 3064 tum
231 3013 363 3079 ieceumt,
374 3012 467 3081 itaque
479 3013 572 3067 hostes
583 3015 697 3081 repente
709 3011 889 3080 celeriterque
900 3026 1009 3078 procur·
1039 3071 1044 3085 ι
