2175 3409
398 111 401 118 '
507 112 619 161 LIBER
636 113 674 163 H.
791 151 793 154 ,
986 120 1018 168 39

167 195 205 250 ad
227 194 362 264 legionem
385 193 519 248 decimam
543 193 660 248 devenit.
697 193 801 249 Milites
822 210 877 248 non
899 195 1019 264 longiore

167 272 290 326 oratione
313 271 470 326 cohortatus
494 287 576 340 quam
599 270 639 323 uti
664 286 728 324 suae
752 271 883 341 pristinae
908 273 1019 328 virtutis

166 348 326 403 memoriam
348 347 501 401 retinerent
521 363 576 400 neu
595 345 826 414 perturbarentur
845 348 935 401 animo
958 348 1020 401 hos

66 450 71 460 ·
165 425 290 493 tiumque
300 424 435 493 impetum
447 423 556 476 fortiter
568 422 744 487 sustinerent,
756 422 830 492 quod
843 439 898 477 non
913 423 1020 492 longius

165 500 260 554 hostes
280 498 396 553 aberant
416 515 498 567 quam
518 513 573 566 quo
593 498 679 552 telum
700 497 783 566 adjici
801 503 904 567 posset,
922 500 1020 567 proelii

166 575 355 630 committendi
374 575 479 641 signum
499 573 585 627 dedit.
623 574 717 644 Atque
733 574 761 627 in
777 575 893 628 alteram
909 579 1018 644 partem

165 652 233 705 item
253 649 413 705 cohortandi
432 666 513 704 causa
529 650 672 719 profectus
690 651 874 719 pugnantibus
894 653 1019 707 occurrit

167 725 309 797 Temporis
327 729 405 781 tanta
421 726 473 780 luit
490 726 626 795 exiguitas
644 726 818 794 hostiumque
833 731 891 782 tam
907 731 1019 797 paratus

166 804 203 857 ad
216 803 400 858 dimicandum
411 803 523 870 animus,
535 806 633 857 utnon
645 803 726 857 modo
738 803 774 857 ad
786 803 903 871 insignia
917 820 1020 859 accom-

166 880 310 947 modanda,
323 879 372 933 sed
384 879 468 932 etiam
479 878 516 932 ad
526 879 619 947 galeas
632 878 785 934 induendas
799 881 936 948 scutisque
950 881 1019 949 tegi·

92 992 106 1020 p
165 954 445 1010 mentadetrudends
457 958 568 1024 tempus
582 954 710 1020 defuerit.
747 955 967 1025 Quamrqusque
983 956 1018 1011 ab

166 1047 250 1099 opere
260 1033 288 1085 in
302 1026 414 1101 parteni
424 1047 488 1085 casu
502 1030 614 1085 devenit
628 1048 751 1101 quaeque
764 1032 852 1100 prima
866 1032 943 1099 sigua
957 1048 1019 1086 con-

166 1109 263 1176 sperit,
276 1107 389 1162 adhaec
401 1107 532 1175 constitit,
543 1123 580 1161 ne
591 1107 619 1160 in
631 1108 796 1176 quaerendis
810 1106 865 1160 suis
879 1107 1019 1175 pugnandi

165 1186 276 1252 tempus
287 1184 448 1239 dimitteret.

219 1265 259 1313 22.
295 1260 435 1315 Instructo
451 1260 574 1314 exercitu
588 1259 676 1328 magis
693 1262 726 1314 ut
744 1259 795 1313 loci
813 1262 912 1315 natura
930 1259 1019 1328 dejec

164 1339 266 1404 tuaque
277 1336 352 1391 collis
364 1340 393 1391 et
403 1337 552 1391 neoessitas
564 1336 695 1405 temporis
706 1351 788 1405 quam
800 1339 832 1389 ut
843 1336 884 1389 roi
893 1336 1019 1390 militaris

164 1411 235 1466 ratio
255 1416 338 1481 atque
357 1413 425 1467 crdo
445 1411 609 1480 postulabat,
628 1427 711 1479 quum
733 1410 848 1465 diversis
867 1412 1019 1480 legionibus

165 1488 234 1543 aliae
247 1488 301 1543 alia
315 1489 344 1542 in
357 1491 438 1558 parte
451 1488 576 1542 hostibus
590 1488 760 1555 resisterent,
772 1487 937 1557 sepibusque
951 1488 1018 1542 den-

165 1564 284 1633 sissimis,
295 1568 327 1619 ut
343 1569 407 1619 ante
424 1563 676 1631 demonstravimus,
688 1563 842 1631 interjectis
857 1567 1018 1634 prospectus

163 1640 352 1709 impediretur,
364 1656 453 1709 neque
469 1644 545 1695 certa
561 1640 681 1694 subsidia
700 1640 832 1708 collocari,
843 1657 933 1710 nequo
951 1641 1018 1709 quid

163 1716 193 1769 in
217 1732 325 1785 quaque
347 1718 427 1785 parte
448 1732 515 1785 opus
537 1719 611 1770 esset
630 1716 777 1785 provideri,
798 1733 887 1785 neque
907 1716 943 1770 ab
963 1733 1017 1769 urro

164 1792 254 1844 omnia
271 1792 385 1860 imperia
403 1792 588 1846 administrari
607 1795 742 1861 poterant.
778 1792 878 1861 ltaque
894 1793 923 1846 in
939 1796 1017 1846 tanta

164 1882 257 1920 rerum
274 1867 419 1936 iniquitate
434 1867 561 1921 fortunae
579 1884 686 1937 quoque
704 1870 818 1923 eventis
836 1869 904 1922 varii
923 1884 1018 1936 seque·

163 1941 271 1996 bantur.

216 2024 231 2071 2
250 2060 256 2073 .
293 2020 315 2074 L
353 2019 421 2074 ‘onis
432 2036 519 2074 nonae
531 2023 562 2074 11
574 2020 695 2075 decimae
707 2020 815 2086 milites,
824 2023 856 2074 ut
867 2020 895 2073 in
908 2019 1018 2075 sinistra

162 2110 199 2162 pa
319 2139 320 2142 ,
354 2096 509 2163 astiterant,
521 2095 584 2165 pilis
596 2096 701 2150 emissis
714 2112 796 2150 eursu
809 2112 840 2150 ac
854 2095 1016 2151 lassitudine

164 2170 332 2224 exanimatos
343 2170 555 2238 vulneribusque
570 2171 708 2226 confectos
723 2172 874 2226 Atrebates
887 2172 959 2238 (nam
974 2172 1017 2225 his

163 2262 197 2299 ea
208 2263 271 2316 pars
283 2246 441 2314 obvenerat)
454 2246 581 2300 celeriter
593 2264 627 2301 ex
642 2248 701 2302 loeo
716 2248 856 2316 superiore
872 2249 900 2301 in
915 2248 1016 2302 flumen

163 2322 353 2390 compulerunt
360 2325 389 2376 et
396 2322 513 2384 transire
522 2327 651 2377 conantes
661 2324 774 2377 insecuti
783 2323 880 2391 gladiis
889 2340 1016 2390 magnam

162 2402 270 2466 partem
288 2415 383 2452 eorum
403 2398 563 2468 impeditam
582 2399 786 2453 interfecerunt.
824 2400 881 2467 Ipsi
899 2399 1016 2453 transire

162 2473 264 2528 flumen
275 2491 329 2527 11111
341 2474 546 2542 dubitaverunt,
559 2479 588 2529 et
599 2476 626 2529 in
638 2476 728 2530 locum
741 2476 863 2544 iniquum
878 2476 1016 2543 progressi

162 2566 258 2604 rursus
273 2551 434 2606 resistentes
449 2551 542 2606 hostes
559 2552 746 2620 redintegrato
762 2551 865 2621 proelio
880 2552 908 2604 in
921 2550 1017 2619 lugani

162 2625 355 2694 conjecerrmt.·
381 2628 455 2681 Item
467 2626 519 2680 alia
530 2627 558 2680 in
570 2630 649 2695 parte
664 2628 787 2682 diversae
803 2627 873 2681 duae
887 2620 1014 2694 legiones,

160 2701 304 2756 undecima
315 2705 345 2756 et
357 2706 459 2771 octava,
472 2702 621 2771 profligatis
636 2704 843 2770 Veromanduis,
855 2702 1014 2770 quibuscum

160 2781 240 2831 erant
251 2778 396 2846 congressi,
410 2794 444 2831 ex
459 2778 518 2832 loeo
534 2780 717 2848 superiorein
732 2781 798 2850 ipsis
814 2779 932 2833 fluminis
947 2780 1014 2848 ripis

160 2853 371 2923 praeliabantur.
402 2854 443 2908 At
451 2855 518 2908 tetis
526 2856 586 2909 fere
595 2873 612 2910 a
622 2858 713 2912 fronte
724 2861 754 2911 et
766 2857 802 2912 ab
814 2857 923 2910 sinistra
933 2859 1014 2924 parte

160 2930 271 2984 nudatis
286 2930 390 2998 1111111,
406 2947 489 2998 quum
504 2931 532 2984 in
549 2931 648 2986 dextro
664 2948 747 2986 cornu
763 2932 834 2999 legio
851 2931 1013 2985 duodecima

160 3008 190 3059 11
202 3022 255 3058 non
267 3021 366 3073 magno
375 3005 410 3059 ab
419 3022 451 3058 ea
460 3006 603 3060 intervallo
613 3008 729 3075 septima
737 3007 911 3072 constitisset,
919 3022 1013 3058 omues

161 3081 256 3135 Nervii
268 3082 466 3136 confertissimo
479 3083 587 3149 agmine
599 3083 668 3136 duce
680 3081 868 3147 BoduognatO,
882 3080 929 3148 qui
941 3096 1013 3132 sum-

160 3174 233 3212 mam
246 3157 355 3226 imperii
365 3157 486 3225 tenebat,
494 3158 530 3212 ad
543 3174 606 3211 eum
617 3158 706 3212 locum
717 3155 917 3210 contenderimt
924 3175 931 3217 ;
948 3169 1012 3220 quo

998 3223 1087 3377 A
