2175 3409
520 110 631 161 arnna
647 112 681 160 v.
778 169 780 171 v
997 106 1029 152 oo

176 210 235 254 nes
258 195 374 265 puberes
397 192 497 249 armati
514 190 659 245 convenire
679 194 858 256 consuerunt:
880 191 983 262 quiex
1000 189 1036 247 iis

185 270 453 336 nodssimnsvenit,
477 266 507 320 in
529 273 680 336 conspectu
703 266 887 321 multitudinis
910 267 1035 324 omnibus

185 347 350 401 cmciatibus
362 344 486 399 adiectus
500 346 623 397 necatur·
658 343 692 395 ln
708 357 740 395 eo
756 341 870 395 concilio
884 343 1035 412 Cingetori-

184 439 256 490 gem,
267 422 381 476 alterius
395 421 545 489 principem
560 418 693 485 factionis,
704 434 837 485 generum
850 435 939 486 suum,
952 436 1034 488 quem

185 514 269 567 supra
292 495 539 564 demonstravimus
564 493 688 549 Caesaris
705 494 930 550 secutumfidem
948 494 983 549 ab
1001 511 1034 549 eo

184 589 239 626 non
256 572 419 639 discessisse,
436 572 544 626 hostem
561 571 667 639 indicat
681 570 817 640 bonaque.
828 570 889 640 ejus
905 570 1033 641 publicat.

142 635 153 659 ⁸
176 648 240 702 'His
251 648 334 703 rebus
345 647 475 703 confectis
485 647 514 702 in
525 647 639 702 concilio
654 647 817 717 pronrmciat
832 648 992 701 arcessitum
1004 663 1035 702 se

185 723 366 779 aSenonibns
377 727 407 778 et
419 723 587 779 Carnutibus
602 723 718 794 aliisque
733 724 916 793 compluribus
930 723 1034 778 Galliae

178 800 347 867 civitatibus,
366 799 419 854 lmc
438 800 494 854 iter
513 800 650 854 facturum
655 818 716 876 per
731 801 800 856 fines
816 801 973 864 Remorum,
989 815 1034 853 eo-

184 891 299 944 rumque
322 892 402 943 agros
424 876 635 945 populaturum,
647 893 679 934 ac
698 878 776 946 prius
798 894 880 947 quam
900 878 932 931 id
951 867 1034 934 iaciat

185 955 275 1005 castra
298 950 412 1005 Labieni
432 955 659 1022 oppugnaturum
694 954 770 1019 Quae
790 954 851 1008 lieri
869 955 936 1009 velit
955 968 1034 1021 prae-

185 1025 258 1094 cipit.

236 1104 277 1158 57.
313 1102 457 1172 Labienus,
473 1121 558 1173 quum
576 1105 606 1158 et
620 1103 673 1158 loci
688 1106 788 1157 natura
803 1105 833 1156 et
850 1117 933 1156 manu
948 1102 1035 1156 muni

184 1175 298 1230 tissirnis
309 1178 406 1232 castris
422 1195 481 1233 sese
493 1178 611 1246 teneret,
624 1179 659 1233 de
676 1196 725 1233 suo
739 1195 771 1233 ac
786 1178 901 1247 legionis
912 1178 1033 1247 periculo

184 1251 252 1305 nihil
269 1252 397 1309 timebat:
421 1271 456 1307 ne
472 1271 554 1323 quam
569 1255 736 1308 occasionem
754 1254 795 1308 rei
811 1254 881 1307 bene
896 1254 1034 1321 gerendae

184 1327 340 1383 dimitteret
351 1328 499 1398 cogitabat
533 1330 635 1398 ltaque
651 1328 856 1397 aCingetorige
873 1332 957 1396 atque
973 1327 1034 1395 ejus

183 1404 1034 1549 lttlltfflrlltiilrmtrittttltll?

184 1569 238 1621 que
249 1555 371 1623 undique
383 1558 492 1610 evocat:
510 1555 553 1609 his
564 1560 670 1610 certum
683 1556 756 1610 diem
769 1556 948 1611 conveniendi
958 1556 1033 1610 dicit.

184 1627 300 1684 Interim
311 1646 398 1700 prope
407 1630 532 1700 quotidie
539 1647 601 1684 cum
608 1633 681 1685 omni
691 1634 816 1702 equitatu
827 1633 1034 1687 induciomarus

183 1705 234 1759 sub
246 1707 343 1761 cestris
354 1708 415 1776 ejus
423 1707 582 1778 vagabatur,
593 1708 659 1762 alias
670 1712 703 1763 ut
714 1709 797 1764 situm
811 1713 962 1764 castrorum
973 1724 1034 1776 cog-

183 1785 315 1850 nosceret,
327 1782 394 1837 alias
406 1782 577 1852 colloquendi
591 1787 639 1837 aut
655 1784 801 1839 territandi
815 1801 908 1839 causa:
927 1784 1033 1852 equites

182 1856 344 1926 plerumque
362 1875 456 1913 omnes
473 1858 530 1913 tela
547 1858 622 1912 intra
639 1860 739 1913 vallum
757 1860 946 1930 conjiciebant.
981 1860 1033 1912 La-

183 1931 279 1987 bienus
290 1950 353 1988 suos
365 1933 438 1988 intra
449 1933 628 1990 munitionem
637 1934 795 1989 continebat
807 1937 966 2003 timorisque
975 1934 1033 2003 opi-

183 2008 291 2062 nionem
303 2008 519 2080 quibuscumque
530 2014 642 2080 poterat
653 2010 736 2064 rebus
748 2011 873 2079 augebat.

235 2090 276 2138 68.
312 2085 401 2149 Quum
425 2087 530 2156 majore
553 2087 582 2139 in
605 2086 665 2141 dies
685 2087 887 2154 contemptione
907 2087 1032 2141 Induoio-

183 2173 275 2213 marus
287 2161 323 2214 ad
334 2165 425 2216 castra
436 2162 588 2229 accederet,
601 2166 680 2215 nocte
691 2178 746 2216 una
757 2162 922 2216 intromissis
933 2162 1032 2232 equiti-

183 2233 236 2287 bus
259 2235 379 2289 omnium
404 2237 581 2291 finitimarum
604 2237 746 2291 civitatum
765 2254 832 2305 quos
855 2238 1032 2292 arcessendos

183 2314 333 2379 curaverat,
351 2315 431 2366 tanta
455 2313 598 2380 diligentia
616 2329 709 2367 omnes
727 2330 791 2367 suos
811 2314 942 2368 custodiis
959 2313 1032 2367 intra

184 2387 274 2439 carra
285 2387 420 2442 continuit
431 2392 463 2443 nt
477 2388 551 2443 nulla
562 2393 607 2442 rat
595 2389 668 2442 tione
680 2405 713 2442 ea
728 2405 773 2443 res
787 2388 925 2443 enunciari
937 2386 1033 2442 autad

184 2445 309 2515 Treviros
321 2464 436 2531 perferri
447 2468 548 2533 posset
585 2465 701 2518 interim
713 2481 747 2518 ex
759 2464 956 2519 consuetudine
967 2480 1033 2534 quo-

183 2535 288 2591 tidiana
298 2537 504 2594 Inducromarus
512 2540 549 2594 ad
557 2545 648 2595 castra
656 2541 762 2596 accedit
768 2545 853 2611 atque
860 2541 899 2595 1b1
906 2557 1032 2610 magnam

182 2606 290 2680 partem
302 2612 359 2667 diei
370 2616 518 2681 consumit3
536 2616 645 2686 equites
656 2618 713 2672 tela
726 2617 874 2686 conjiciunt
889 2621 919 2672 et
935 2633 1033 2685 magna

183 2700 245 2740 cum
257 2690 421 2743 contumelia
432 2658 579 2745 verborum
593 2696 702 2747 nostros
716 2692 752 2747 ad
767 2710 886 2763 pugnam
903 2695 1033 2757 evocant3

182 2762 257 2815 nullo
268 2763 304 2817 ab
315 2765 416 2821 nostris
429 2765 495 2821 dato
506 2784 645 2837 responso,
657 2768 742 2822 ubi
717 2785 805 2823 nsum
819 2771 863 2823 est
875 2769 927 2823 sub
938 2784 1033 2836 vespe-

183 2853 245 2890 rum
261 2838 377 2908 dispersi
395 2857 428 2895 ac
446 2841 571 2912 dissipati
592 2844 745 2899 discedunt
780 2845 876 2899 Subito
895 2844 1032 2897 Labienus

183 2913 291 2967 duabus
306 2916 393 2983 portis
410 2933 518 2972 omnem
535 2919 689 2988 equitatum
706 2921 824 2985 emittit3
841 2920 975 2989 praecipit
991 2921 1032 2971 at

182 3004 238 3055 que
249 2989 396 3058 interdicit,
408 2994 563 3061 perterritis
579 2994 703 3048 hostibus
720 2999 804 3062 atque
819 2996 848 3049 in
864 2996 955 3061 lugam
972 3008 1033 3046 con-

178 3063 269 3132 jectis,
290 3065 365 3134 quod
387 3067 445 3121 fore
469 3068 539 3123 sicut
562 3070 663 3125 accidit
686 3070 807 3139 videbat,
830 3086 914 3123 unum
938 3084 1032 3122 omncs

182 3143 281 3207 petant
299 3141 528 3227 Induoiornarum,
547 3160 602 3197 neu
622 3145 684 3213 quis
705 3160 787 3211 quem
808 3144 885 3213 prius
905 3144 1031 3196 vulneret
