2175 3409
70 107 117 156 128
329 104 358 153 0.
376 104 395 153 J
398 103 479 154 ULII
496 101 671 151 CAESARIS

66 192 205 248 munitum
217 190 252 245 ab
265 190 384 246 Avarico
395 190 476 258 longe
487 191 562 245 milia
572 205 702 258 passuum
714 199 772 243 xvi.
808 188 853 243 Ibi
870 206 920 260 per

67 272 158 323 certos
182 267 368 336 exploratores
391 268 420 321 in
440 266 546 336 singula
565 266 621 320 diei
641 269 767 334 tempora
786 282 861 334 quae
884 266 921 320 ad

68 345 217 398 Avaricum
236 347 384 411 agerentur
404 341 592 411 cognoscebat,
612 344 642 396 et
662 340 730 411 quid
753 341 813 395 lieri
836 343 920 397 vellet

67 419 233 488 imperabat:
262 434 356 473 omnes
380 422 488 473 nostras
514 416 706 488 pabulationes
731 416 921 472 frumentatio

65 511 170 564 nesque
182 493 353 562 observabat,
372 494 573 563 dispersosque,
595 510 681 562 quum
699 493 807 561 longius
827 510 907 548 neces

67 571 139 624 sario
162 570 350 639 procederent,
370 568 550 624 adoriebatur
571 584 724 637 magnoque
747 569 920 624 incommodo

66 645 208 714 afficiebat,
228 646 289 712 etsi,
309 648 441 714 quantum
461 645 568 698 ratione
588 644 726 714 provideri
743 648 863 713 poterat,
882 645 918 699 ab

65 722 167 775 nostris
178 720 373 776 occurrebatur
383 724 416 775 ut
427 720 539 775 incertis
558 719 728 789 temporibus
746 720 918 789 diversisque

65 797 211 851 itineribus
223 797 318 851 iretur.
586 853 591 863 ⁴

68 907 71 912 >
120 877 159 932 17.
194 872 350 927 Castrisad
371 874 559 941 campartem
577 871 672 940 oppidi
691 872 790 940 positis
809 872 918 940 Caesar,

66 949 310 1019 quaeintermissa
325 965 342 1002 a
359 948 470 1002 flumine
488 950 517 1001 et
534 947 635 1016 palude
652 947 766 1013 aditum,
784 949 818 1000 ut
836 964 919 1016 supra

66 1025 192 1092 diximus,
212 1028 359 1093 angustum
376 1022 503 1092 habebat,
521 1039 650 1091 aggerem
669 1039 808 1092 apparare,
825 1023 920 1077 vineas

65 1116 155 1169 agere,
167 1104 259 1156 turres
268 1100 337 1154 duas
345 1099 512 1154 constituere
520 1099 625 1167 coepit;
641 1115 705 1152 narn
714 1099 925 1154 circumvallare

66 1176 118 1230 loci
129 1180 227 1231 natura
237 1174 408 1245 prohibebat
443 1176 486 1228 Dc
497 1191 528 1228 re
539 1175 719 1229 frumentaria
731 1174 814 1228 Boios
832 1178 917 1243 atque

68 1252 182 1307 Aeduos
205 1252 348 1306 adhortari
371 1267 426 1305 non
444 1249 566 1313 destitit;
594 1266 711 1319 quorum
731 1249 820 1319 alteri,
843 1250 918 1319 quod

66 1328 142 1382 nullo
162 1328 255 1382 studio
274 1326 401 1396 agebant,
423 1343 478 1379 non
496 1325 615 1379 multum
634 1325 817 1393 adjurabant3
837 1325 918 1379 alteri

66 1420 120 1457 non
151 1404 257 1472 magnis
284 1402 468 1470 facultatibus,
498 1402 573 1470 quod
601 1402 697 1456 civitas
728 1404 789 1455 erat
819 1402 919 1469 exigua

66 1482 97 1533 et
119 1479 235 1547 infirma,
253 1479 380 1533 celeriter
403 1478 479 1546 quod
503 1478 659 1552 habuerunt
683 1481 918 1546 consumpserunt.

68 1555 180 1608 Summa
204 1553 365 1608 difficultate
389 1553 430 1607 rei
450 1553 647 1608 frumentariae
669 1554 767 1607 affecto
790 1553 914 1607 exercitu

67 1631 206 1685 tenuitate
230 1629 368 1697 Boiorum,
391 1628 565 1697 indiligentia
592 1630 759 1695 Aeduorum,
783 1628 919 1683 incendiis

67 1705 262 1772 aedificiorum,
278 1721 366 1773 usque
385 1720 418 1760 eo
437 1708 470 1758 ut
486 1705 640 1773 complures
662 1705 721 1759 dies
741 1704 842 1758 milites
862 1704 919 1759 iru-

66 1785 160 1837 mento
171 1781 316 1848 caruerint,
334 1784 364 1835 et
381 1796 480 1849 pecore
499 1797 515 1834 e
534 1779 771 1850 longinquioribus
791 1780 858 1833 vicis
869 1780 918 1833 ad-

67 1862 129 1911 acto
153 1860 305 1911 extremam
328 1856 429 1912 famem
450 1859 648 1924 sustentarent,
663 1856 737 1910 nulla
754 1859 847 1910 tamen
864 1872 917 1909 vox

66 1936 109 1988 est
121 1933 156 1987 ab
165 1933 199 1987 iis
208 1933 303 1986 audita
311 1932 404 2001 populi
415 1931 531 1986 Romani
540 1932 685 2001 majestate
694 1935 723 1986 et
732 1930 917 2000 superioribus

65 2009 187 2063 victoriis
208 2008 328 2077 indigna
364 2005 540 2072 Quinetiam
562 2008 663 2063 Caesar
680 2023 765 2076 quum
785 2007 917 2075 inopere

66 2084 187 2153 singulas
210 2084 333 2153 legiones
356 2082 516 2154 appellaret,
540 2088 577 2149 et,
601 2084 625 2137 si
648 2082 772 2137 acerbius
798 2083 917 2152 inopiam

65 2161 178 2227 ferrent,
192 2177 222 2214 se
234 2160 410 2214 dimissurum
420 2160 654 2230 oppugnationem
667 2159 780 2225 diceret,
796 2159 916 2214 universi

64 2237 100 2291 ab
112 2254 145 2292 eo
162 2255 197 2291 ne
215 2237 245 2291 id
261 2237 365 2292 iaceret
384 2234 528 2304 petebant:
550 2236 597 2291 Sic
613 2251 643 2289 se
660 2235 814 2304 complures
831 2251 916 2289 annos

63 2313 110 2367 illo
128 2314 283 2382 imperante
299 2313 480 2366 meruissent
499 2310 602 2365 nullam
617 2310 791 2380 ignominiam
810 2312 915 2379 accipe-

62 2393 134 2456 rent,
146 2404 278 2455 nusquam
288 2386 389 2443 iniecta
398 2404 429 2442 re
439 2387 626 2442 discederent:
643 2387 694 2440 hoc
708 2403 738 2440 se
750 2385 914 2454 ignominiae

63 2465 168 2520 laturos
186 2466 253 2533 loeo,
274 2464 297 2519 si
317 2463 455 2533 inceptam
474 2463 703 2533 oppugnationem
726 2462 913 2530 reliquissent:

63 2545 205 2609 praestare
218 2556 312 2595 omnes
324 2541 448 2609 perferre
459 2538 625 2594 acerbitates
639 2554 722 2608 quam
739 2554 794 2591 non
809 2538 914 2592 civibus

64 2616 202 2686 Romanis,
227 2615 273 2685 qui
298 2614 406 2669 Genabi
428 2614 547 2683 perfidia
575 2614 715 2668 Gallorum
745 2613 914 2680 interissent,

61 2695 247 2761 parentarent
289 2691 367 2744 Haec
394 2690 491 2757 eadem
515 2689 719 2745 centurionibus
741 2688 914 2757 tribunisque

62 2768 180 2821 militum
203 2766 380 2833 mandabant,
403 2770 436 2821 ut
456 2783 507 2836 per
526 2782 574 2821 eos
593 2765 631 2820 ad
654 2765 799 2820 Caesarem
823 2763 914 2819 deler-

62 2847 165 2896 rentur

115 2922 154 2972 18
192 2917 309 2982 Quum'
296 2933 357 2984 Jam
375 2934 454 2971 muro
475 2877 567 2971 turres
585 2917 858 2986 appropinquassent,
877 2932 914 2970 ex

62 2990 176 3070 captivis
200 2993 301 3045 Caesar
323 2992 450 3059 cognovit
472 2992 727 3060 Vercingetorigem
750 2995 913 3061 consumpto

62 3052 162 3127 pabulo
177 3069 267 3118 castra
284 3066 400 3120 movisse
417 3068 529 3136 propius
548 3069 702 3134 Araricum,
721 3069 829 3137 atque
822 3084 913 3134 lpsum

63 3150 125 3184 cum
137 3138 262 3199 equitatu
278 3139 473 3208 expeditisque,
493 3143 540 3210 qui
559 3143 632 3198 inter
654 3145 762 3212 equites
785 3144 913 3212 proeliari

13 3299 64 3357 k
