2175 3409
509 123 621 174 LIBER
637 124 692 175 111.
999 133 1030 180 65

172 210 341 278 dediderint,
360 208 384 263 si
405 206 472 277 quid
493 206 534 259 his
558 221 609 274 per
631 205 687 259 vim
707 206 823 283 aecidat,
842 210 892 263 nat
912 207 1030 263 cundem

172 304 264 342 casum
284 303 337 340 nna
357 286 448 352 ierant
466 286 515 338 aut
534 281 586 336 sibi
605 284 722 336 mortem
741 282 925 349 consciscant3
942 300 1031 352 neque

172 363 262 417 adhuc
273 362 413 416 hominum
425 359 557 416 memoria
568 361 695 428 repertus
712 361 755 412 est
774 359 919 428 quisquam
935 360 983 430 qui
999 372 1032 414 e0

172 438 318 494 interfecto
335 437 413 506 cuq'us
430 453 461 491 se
482 434 617 490 amicitiae
641 433 796 488 devovisset
816 439 934 489 mortem
954 452 1032 490 rccu-

173 518 358 569 saret:—cum
379 513 422 567 his
444 512 662 568 Adcantuannus
686 511 857 580 eruptionem
877 512 968 566 facere
988 529 1031 567 ce·

172 594 261 658 natus,
274 590 394 644 clamore
405 588 441 642 ab
453 604 487 643 ea
498 590 579 655 parte
592 588 752 644 munitionis
768 587 884 655 sublato,
896 606 980 658 quum
996 591 1033 644 ad

174 683 250 722 arma
261 666 362 720 milites
373 664 575 719 concurrissent
588 663 822 734 vehementerque
833 664 872 719 ibi
881 670 1031 735 pugnaturn

174 746 256 811 esset,
267 743 392 811 repulsus
407 743 436 796 in
451 739 583 811 oppidum
601 743 694 795 tamen
709 740 751 795 uti
767 740 865 795 eadem
884 741 1033 796 deditionis

61 879 67 900 κ
176 819 330 873 conditione
343 821 469 873 uteretur
480 816 516 870 ab
529 816 627 871 Crasso
640 816 805 886 impetrarit.

227 900 269 950 23.
305 895 398 949 Armis
424 892 620 964 obsidibusque
641 892 758 962 acceptis
781 894 895 949 Crassus
916 895 944 948 in
965 895 1033 948 fines

176 970 321 1026 Vocatium
333 974 362 1025 et
374 970 548 1034 Tarusatium
560 969 699 1038 proiectus
715 972 764 1024 cst
803 971 872 1024 'lum
888 986 954 1024 vcro
970 968 1032 1024 bar-

140 1043 145 1050 ’
176 1045 237 1100 bnri
255 1047 390 1115 commoti,
408 1046 482 1116 quod
503 1045 635 1115 oppidum
657 1049 687 1099 et
705 1048 805 1099 natura
825 1045 876 1099 loci
898 1050 927 1100 et
949 1061 1033 1099 manu

176 1122 312 1176 munitum
328 1123 421 1192 paucis
435 1121 533 1176 diebus
551 1120 650 1190 quibus
668 1137 701 1176 ce
719 1126 831 1175 rentum
850 1124 911 1175 emt
929 1137 1033 1191 expug-

175 1201 273 1252 natum
301 1202 489 1266 cognoverant,
513 1198 620 1266 legatos
644 1213 862 1267 quoquoversum
884 1196 1033 1265 dimittere,

177 1274 328 1343 conjurare,
343 1275 452 1329 obsides
464 1275 537 1328 inter
547 1290 577 1328 sc
587 1273 662 1341 darc,
672 1273 763 1341 copias
772 1289 869 1341 parare
878 1278 1033 1343 coeperunt.

178 1352 331 1406 Mittuntur
343 1351 474 1415 etiamad
485 1367 532 1406 eas
544 1350 670 1404 civitates
682 1350 773 1417 legati,
783 1366 853 1418 quae
867 1353 931 1405 sunt
943 1350 1034 1404 citeri·

50 1443 64 1484 c
85 1463 89 1474 ‹
178 1428 232 1482 oris
245 1424 396 1497 Hispaniae
407 1428 539 1483 finitimae
553 1427 734 1496 Aquitaniae:
751 1426 815 1480 inde
824 1425 925 1482 auxilia
938 1426 1034 1480 duces-

176 1520 233 1573 qne
246 1508 427 1559 arcessuntur.
454 1504 575 1568 Quonmr
592 1502 713 1556 adventu
727 1518 826 1570 magna
841 1519 903 1557 crnn
919 1502 1034 1557 auctori-

177 1582 237 1634 tate
249 1584 278 1634 et
290 1596 389 1648 magna
401 1597 463 1635 cum
474 1580 615 1634 hominurn
627 1578 804 1632 multitudine
820 1578 922 1633 bellum
936 1595 1034 1647 gerere

177 1659 319 1713 conantur.
349 1656 441 1712 Duces
453 1673 517 1712 vere
529 1656 549 1709 ii
562 1655 719 1724 deliguntur
733 1655 780 1724 qui
791 1671 847 1708 nna
858 1671 919 1710 curn
931 1651 1034 1720 QfSer

178 1733 248 1787 torio
269 1749 363 1787 omnes
382 1750 467 1787 annos
486 1733 597 1788 fuerant
619 1748 806 1801 snmnmmquc
828 1732 970 1787 scientium
993 1733 1033 1787 rei

178 1808 304 1863 militaris
312 1809 414 1864 habere
423 1809 659 1864 existimabantur,
686 1808 1033 1879 llicensuetudincpopuli

179 1883 295 1938 Romani
307 1885 366 1939 loca
377 1902 481 1955 capere,
490 1889 581 1939 castra
593 1885 707 1952 munire,
717 1883 915 1939 commeatibus
926 1888 1034 1938 nestros

178 1959 362 2017 intercludere
374 1961 530 2016 instituunt.
562 1959 640 2024 Quod
653 1959 700 2014 ubi
715 1960 830 2015 Crassus
839 1960 1034 2014 animadvertit

179 2052 242 2090 suas
254 2038 344 2106 copias
352 2041 467 2108 propter
476 2036 655 2108 exiguitatem
664 2053 718 2090 non
730 2036 809 2090 focile
819 2036 917 2101 didimi,
926 2037 1033 2091 hostem

180 2115 211 2176 et
221 2114 313 2181 vagari
325 2116 355 2167 et
366 2114 424 2167 vias
436 2112 563 2168 obsidere
576 2116 605 2167 et
616 2114 714 2167 eastris
727 2113 794 2167 satis
807 2112 936 2181 praesidii
952 2112 1033 2166 relin-

180 2204 272 2258 quere,
285 2188 321 2243 ob
333 2205 393 2244 eam
405 2205 514 2246 causam
525 2190 614 2243 minus
626 2188 768 2243 commode
781 2189 948 2243 frumentum
962 2204 1033 2242 cenr-

179 2267 354 2334 meatumque
372 2263 425 2319 sibi
443 2266 605 2334 supportari,
623 2265 651 2318 in
670 2264 730 2318 dies
751 2264 870 2317 hostium
890 2279 1033 2318 nnmerum

179 2340 282 2409 augeri,
296 2357 348 2394 non
368 2341 551 2395 cunctandum
568 2340 735 2395 existimavit
751 2340 817 2409 quin
833 2356 925 2409 pugna
940 2339 1034 2394 decer-

178 2418 262 2471 taret
297 2416 358 2471 Hac
369 2433 401 2472 re
412 2416 448 2470 ad
460 2417 601 2472 consilium
613 2415 713 2485 delata,
723 2415 771 2468 ubi
784 2431 878 2469 omncs
889 2414 964 2469 idem
976 2432 1033 2470 scn-

179 2491 233 2545 tirc
245 2491 388 2561 intellexit,
400 2496 540 2561 posterum
554 2493 627 2547 diem
640 2508 748 2561 pugnae
761 2491 910 2547 constituit.

229 2571 270 2621 24.
307 2567 400 2622 Prima
408 2568 468 2622 lucc
476 2569 618 2638 productis
628 2567 752 2622 omnibus
763 2568 853 2637 copiis,
863 2567 966 2637 duplici
974 2567 1032 2622 acic

176 2642 312 2712 instituta,
322 2644 430 2698 auxiliis
442 2645 471 2698 in
482 2644 602 2699 mediam
615 2645 703 2699 aciem
714 2644 854 2713 conjectis,
863 2644 931 2713 quid
940 2644 1033 2698 hostes

178 2720 282 2774 consilii
293 2724 423 2790 caperent
435 2720 620 2791 exspectabat
657 2720 703 2774 Illi
715 2722 767 2776 etsi
780 2725 894 2791 propter
909 2720 1045 2776 multitu.

179 2795 272 2849 dinem
279 2800 308 2850 et
316 2799 438 2850 veterem
446 2796 511 2852 belli
520 2797 636 2866 gloriam
645 2796 868 2866 paucitatemque
877 2801 1031 2851 nestrorum

179 2888 209 2925 se
220 2874 282 2925 tuto
295 2872 471 2927 dimicaturos
481 2874 684 2936 existimabant,
693 2876 786 2928 tamen
796 2874 884 2928 tutius
893 2890 953 2928 csse
962 2872 1032 2926 arbi-

156 2965 159 2972 ·
178 2946 324 3002 trabuntur
345 2947 461 3003 obsessis
484 2949 535 3020 viis
556 2952 709 3003 commeatu
729 2948 876 3003 intercluso
896 2949 956 3002 sine
976 2947 1032 3000 ullo

178 3025 291 3079 unlnere
303 3025 417 3080 victoria
428 3026 519 3095 potiri,
528 3030 558 3080 et
571 3026 593 3079 si
605 3028 719 3095 propter
731 3025 850 3092 inopiam
862 3025 903 3078 rei
916 3024 1032 3086 frumen-

179 3101 266 3155 tariae
279 3102 394 3155 Romani
407 3118 466 3156 sese
479 3102 601 3170 recipcre
612 3101 773 3168 coepissent,
786 3099 932 3167 impeditos
943 3098 971 3149 in
985 3113 1032 3162 ag-

178 3177 253 3231 mine
265 3181 294 3231 et
306 3176 359 3230 sub
370 3177 483 3232 sarcinis
494 3176 644 3231 infirmiore
655 3175 745 3230 animo
756 3173 859 3228 adoriri
867 3170 1030 3241 cogitabant

992 3331 1086 3371 A
