2175 3409
507 150 618 197 LIBER
633 149 682 199 IV.
988 154 1016 199 ol

168 235 265 301 domo;
281 234 304 288 si
313 250 398 288 susm
414 231 530 302 gratiam
549 229 665 283 Romani
682 230 769 288 velint
769 250 869 304 ,posse
885 233 920 286 iis
937 232 1020 285 utiles

167 328 228 366 esso
239 313 354 376 amicos3
378 309 421 364 vel
434 307 487 362 sibi
499 322 580 375 agros
592 305 752 373 attribuant,
765 309 809 364 vel
820 296 961 379 patiantur
972 324 1020 362 cos

166 389 262 442 tenere
280 404 348 456 quos
368 387 451 440 armis
468 382 656 451 possederint;
680 400 740 439 sese
759 387 821 440 unis
844 385 940 440 Suavis
960 400 1021 438 oon-

58 457 101 522 :45'
118 493 133 506 -
166 458 270 529 cederfe,
289 462 394 531 quibus
408 477 443 515 ne
464 459 503 512 dii
527 458 641 527 quidem
663 459 831 516 immortales
854 478 935 531 pares
959 477 1020 514 esse

165 540 284 607 possint:
302 538 438 606 reliquum
450 534 563 604 quidem
574 534 602 587 in
614 535 697 588 terris
709 553 770 592 esso
783 539 922 593 neminem
936 552 1019 605 quem

167 630 220 667 non
233 630 360 683 superare
372 612 484 681 possint.

218 690 327 745 8.Αά
340 689 409 742 haec
425 702 496 757 qnae
512 686 600 762 visum
617 689 660 740 est
677 688 777 742 Caesar
793 689 950 758 respondit;
968 689 1019 742 sed

166 696 256 819 eribus
268 766 322 819 fnit
335 763 479 819 orationis:
498 760 557 814 Sibi
567 747 670 815 nullam
679 779 740 817 cum
749 764 791 818 his
799 765 947 819 amicitiam
956 779 1018 818 csse

54 852 58 862 ·
165 856 252 909 posse,
273 841 296 895 si
314 842 342 894 in
360 840 449 894 Gallia
466 841 656 903 remanes-eun
672 856 761 907 neque
778 857 873 894 verum
891 856 951 894 esse
970 842 1017 908 qui

166 933 228 970 suos
244 917 313 972 lines
327 917 400 971 tueri
416 932 470 969 non
486 913 628 982 potuerint
645 913 748 969 alienos
764 933 910 985 occupare3
926 933 1017 985 nequo

164 992 235 1045 ullos
246 993 275 1046 in
288 993 376 1047 Gallia
391 1007 488 1046 vacare
504 1005 591 1057 agros
604 990 652 1057 qui
668 990 728 1044 dari
744 995 839 1046 tantam
854 994 1016 1061 praesertim

165 1068 335 1123 multitudini
347 1069 405 1122 sinc
421 1067 522 1134 injuria
537 1065 643 1133 possint
651 1086 659 1131 3
676 1067 726 1121 sed
741 1067 833 1136 licere,
843 1069 866 1121 si
882 1068 975 1135 velint,
986 1068 1015 1121 in

165 1143 300 1198 Ubiorum
318 1144 417 1198 finibus
434 1140 583 1208 considere,
596 1158 712 1210 quornm
729 1145 784 1197 sint
799 1143 883 1211 legati
898 1145 972 1212 apud
986 1161 1016 1198 se

164 1222 194 1271 ot
215 1219 251 1273 de
273 1220 423 1275 Suevorum
443 1217 552 1287 injuriis
576 1221 728 1286 querantur
747 1222 777 1273 et
796 1235 814 1272 a
833 1236 863 1273 se
884 1220 1016 1274 auxilium

164 1297 275 1363 petant:
293 1296 344 1350 hoc
356 1313 386 1351 se
399 1293 479 1349 Ubiis
491 1293 695 1360 imperatumm.

217 1376 241 1425 9.
277 1365 373 1439 Legati
385 1372 451 1425 haec
467 1386 497 1423 se
511 1368 548 1422 ad
563 1385 626 1422 suos
643 1369 777 1423 relaturos
793 1369 923 1425 dixemnt
939 1374 968 1426 et
983 1387 1015 1425 re

164 1444 317 1501 deliberata
333 1451 397 1517 post
413 1446 486 1500 diem
503 1443 617 1499 tertium
632 1444 669 1496 ad
685 1445 830 1499 Caesarem
846 1462 1015 1501 reversuros:

163 1520 269 1576 interea
284 1540 319 1577 ne
334 1525 445 1593 propius
462 1537 492 1575 se
507 1523 597 1573 castra
612 1524 735 1574 moveret
745 1521 894 1589 petierunt.
929 1522 956 1575 N
957 1539 973 1576 e
984 1522 1013 1576 id

164 1596 276 1665 quidem
289 1598 390 1653 Caesar
402 1598 437 1652 ab
452 1614 481 1651 se
495 1595 639 1664 impetrari
655 1612 735 1664 posse
751 1596 834 1650 dixit:
851 1604 1014 1665 cognoverat

164 1672 236 1726 enim
253 1690 380 1742 magnam
398 1677 505 1743 partem
523 1671 663 1739 equitatus
680 1672 715 1725 ab
732 1671 776 1725 his
793 1673 898 1741 aliquot
915 1673 1014 1727 dicbus

164 1752 227 1802 ante
244 1751 396 1819 praedandi
413 1746 654 1814 frumentandique
672 1764 754 1801 eausa
771 1747 808 1801 ad
827 1747 1014 1803 Ambivaritos

164 1825 240 1878 trans
252 1824 358 1879 Mosam
371 1827 495 1879 missam:
512 1823 563 1877 hos
575 1823 727 1891 exspectari
738 1823 846 1892 equites
857 1827 941 1893 atque
953 1824 1013 1894 ejus

163 1899 204 1952 rei
216 1915 297 1953 causa
308 1917 411 1955 moram
423 1900 560 1969 interponi
572 1897 765 1953 arbitrabatur.

215 1981 256 2029 lo.
285 1976 364 2031 Mosa
375 1976 486 2045 profluit
497 1993 532 2029 ex
540 1978 634 2028 monte
643 1974 759 2041 Vosego,
769 1974 816 2043 qui
825 1978 868 2028 est
877 1973 905 2027 in
914 1974 1013 2029 finibus

164 2049 322 2118 Lingonum,
341 2055 371 2105 et
393 2055 473 2120 parte
494 2050 613 2120 quadam
634 2067 668 2104 ex
690 2049 786 2103 Rheno
806 2053 924 2118 recepta,
942 2067 1013 2119 quae

163 2125 317 2194 appellatur
340 2126 460 2194 Vahalis,
480 2126 596 2180 insulam
620 2126 703 2179 efficit
727 2125 900 2191 Batavorum,
922 2143 1012 2194 neque

162 2200 269 2268 longius
289 2202 324 2255 ab
345 2203 452 2257 Oceano
472 2201 581 2255 milibus
599 2217 727 2270 passuum
746 2216 821 2254 nxxx
839 2201 867 2253 in
886 2200 1012 2255 Rhenum

163 2275 258 2346 influit.
298 2277 410 2331 Rhenus
428 2271 521 2333 autem
540 2279 628 2332 on'tur
646 2293 681 2331 ex
701 2277 840 2346 Lepontiis
859 2276 906 2344 qui
925 2277 1012 2345 Alpes

162 2351 289 2418 incolunt,
308 2355 337 2406 et
360 2353 440 2421 longo
461 2354 549 2423 spatio
571 2371 622 2423 per
644 2354 713 2408 fines
736 2352 923 2420 Nantuatimn,
945 2353 1012 2406 Hel-

163 2428 305 2495 vetiorum,
322 2428 516 2497 Sequanorum,
534 2430 813 2496 Mediomatricorum,
829 2427 1011 2496 Tribocorum,

163 2502 335 2557 Trevirorum
350 2505 451 2559 citatus
465 2506 562 2572 fertur,
577 2505 667 2559 stubi
682 2505 789 2561 Oceano
803 2505 1011 2574 appropinquat,

158 2574 188 2629 in
212 2578 305 2647 plures
329 2579 426 2635 defluit
448 2585 542 2650 partos
565 2582 659 2634 multis
681 2582 890 2650 ingentibusque
915 2580 1011 2633 insulis

162 2653 272 2716 effectis,
292 2672 407 2724 quarum
423 2672 487 2726 pars
503 2672 601 2724 magna
617 2674 634 2710 a
648 2657 715 2710 feris
731 2657 909 2724 barbarisque
924 2656 1011 2709 natio-

122 2739 127 2752 '
160 2728 692 2802 nibusincolitur,exqu1bussuntqui
703 2733 831 2806 piscibus
850 2738 934 2816 atque
952 2732 1010 2784 ovis

146 2805 251 2857 ‘avium
263 2807 355 2860 uvore
367 2808 425 2860 exis
426 2808 558 2862 timantur
558 2800 724 2876 ,multisque
736 2799 890 2877 capitibus
882 2823 910 2859 111
926 2805 1010 2860 Ocea·

160 2896 225 2934 num
237 2880 333 2935 influit

178 2961 253 3009 ll.
289 2956 389 3010 Caesar
400 2972 485 3023 quum
497 2956 531 3009 ab
543 2955 622 3009 hoste
633 2973 687 3009 non
699 2956 815 3024 amplius
826 2971 954 3023 passuum
966 2970 1010 3009 ιιι

159 3031 268 3084 mihbus
280 3030 396 3095 abesset,
403 3034 435 3084 ut
447 3034 507 3085 erat
515 3032 702 3098 constitutum,
709 3030 745 3084 ad
755 3046 817 3083 eum
827 3030 911 3098 legati
919 3045 1009 3083 rever-

160 3110 272 3174 tuntur3
290 3107 337 3176 qui
348 3108 376 3160 in
387 3106 487 3161 itinere
498 3108 634 3174 congressi
646 3122 743 3173 magno
757 3121 841 3175 opere
854 3122 890 3158 ne
903 3104 1008 3171 longius

159 3183 374 3304 proggrederctur
397 3183 517 3237 orabant.
567 3183 655 3247 Quum
678 3181 708 3234 id
730 3198 784 3234 non
807 3180 1007 3248 impetrassent,
