2175 3409
458 108 570 156 arana
592 109 658 157 vn.
950 117 996 161 129
1084 89 1086 136 i

60 259 62 263 ,
146 193 328 255 consuessent,
339 187 485 242 insidiandi
497 204 578 243 causa
589 186 647 260 [eo]
656 193 811 260 proiectum
824 207 879 259 quo
888 195 998 246 nostros
1084 177 1086 214 ³

147 268 258 335 postero
276 264 321 318 die
339 263 500 331 pabulatum
518 268 649 320 venturos
668 268 865 322 arbitraretur·
893 267 998 333 Quibus

147 342 230 396 rebus
241 340 358 407 cognitis
370 339 460 393 media
471 344 553 395 nocte
562 342 670 398 silentio
679 345 818 414 profectus
829 345 866 398 ad
877 344 998 398 hostium

148 423 239 472 castra
256 434 335 471 mane
353 417 482 484 pervenit.
521 417 567 470 Illi
585 420 712 475 celeriter
735 438 785 491 per
808 420 1004 490 exploratores

149 493 271 548 adventu
283 494 406 547 Caesaris
419 494 527 560 cognito
538 511 630 549 carros
641 497 892 566 impedimentaque
906 514 956 551 sua
969 498 997 550 in

150 572 265 625 artiores
282 572 362 624 silvas
380 570 555 638 abdiderunt,
572 574 663 639 copias
680 591 773 628 omnes
791 574 819 627 in
839 574 897 627 looo
921 573 998 627 edito

150 650 233 715 atque
256 651 352 717 aperto
375 649 571 701 instruxerunt.
609 649 669 713 Qua
691 666 723 703 re
746 650 873 704 nunciata
896 649 999 704 Caesar

150 723 278 777 celeriter
289 724 407 779 sarcinas
419 723 544 790 conferri,
558 740 635 777 arma
646 725 771 794 expediri
779 726 870 793 jussit.

205 806 244 854 19.
281 800 365 855 Collis
379 803 440 854 erat
455 800 555 853 leniter
572 800 608 854 ab
626 801 718 854 intimo
736 801 856 856 acclivis:
875 800 947 865 hunc
964 818 999 855 ex

151 875 354 934 omnibusfere
371 875 496 945 partibus
518 876 597 944 palus
620 876 736 930 difficilis
760 881 843 947 atque
866 877 1000 945 impedita

151 951 278 1019 cingebat
289 967 348 1018 pou
354 953 435 1006 latior
445 950 563 1019 pedibus
571 955 599 1005 n.
635 953 696 1006 Hoc
713 970 742 1006 se
756 953 824 1007 colle
838 953 1000 1022 interruptis

151 1026 285 1095 pontibus
301 1028 372 1082 Galli
392 1028 492 1081 fidncia
511 1027 563 1081 loci
586 1027 769 1095 continebant,
793 1029 1000 1097 generatimque

153 1103 294 1158 distributi
306 1105 333 1157 in
345 1105 471 1158 civitates
482 1104 573 1157 omnia
586 1104 657 1157 vada
672 1120 703 1157 ac
717 1104 803 1158 saltus
817 1104 878 1172 ejus
892 1104 1000 1173 paludis

153 1178 248 1248 [certis
260 1179 402 1248 custodiis]
414 1179 582 1248 obtinebant,
595 1180 633 1233 sic
645 1180 734 1233 animo
745 1181 834 1248 parati
846 1183 887 1248 nt,
899 1180 922 1231 si
940 1196 999 1233 erm

152 1256 282 1324 paludem
299 1256 424 1310 Romani
446 1272 624 1324 perrumpere
642 1259 812 1326 conarentur,
833 1256 1000 1310 haesitantes

152 1331 311 1400 premerent
334 1349 369 1385 ex
392 1332 450 1386 loco
475 1332 630 1402 superiore3
650 1335 682 1385 ut
703 1332 750 1401 qui
768 1332 1000 1401 propinqrutatem

152 1407 204 1462 loci
215 1407 324 1463 videret
335 1412 445 1477 paratos
457 1425 542 1477 prope
555 1424 642 1477 aequo
658 1408 748 1461 Marte
763 1408 800 1461 ad
816 1408 1000 1462 dimicandum

152 1483 336 1550 existimaret3
365 1485 412 1553 qui
439 1484 613 1554 iniquitatem
636 1484 798 1538 conditionis
825 1485 1000 1554 perspiceret,

152 1560 225 1613 inani
244 1560 415 1614 simulatione
438 1576 499 1613 sese
522 1564 662 1614 ostentare
686 1564 868 1628 cognosceret
906 1561 1000 1630 Indig-

152 1639 250 1690 nantes
272 1635 374 1690 milites
392 1636 500 1704 ansar,
517 1635 592 1704 quod
609 1640 783 1704 conspectum
804 1654 883 1691 sunm
906 1637 1000 1692 hostes

152 1712 224 1765 ferre
235 1716 345 1780 possent
356 1711 463 1766 tantulo
475 1711 564 1780 spatio
575 1711 728 1780 interjecto,
744 1715 773 1766 et
786 1713 892 1780 signum
903 1713 1000 1782 proelii

153 1788 338 1857 exposcentes,
351 1787 449 1841 edocet
461 1792 564 1856 quanto
576 1787 742 1842 detrimento
752 1793 784 1842 et
796 1792 863 1857 quot
877 1789 998 1842 virorum

153 1864 265 1917 fortium
288 1866 378 1916 morte
402 1863 572 1916 accessesit
595 1866 719 1917 constare
747 1864 903 1929 victoriam3
931 1881 1000 1932 quos

155 1955 240 2008 quum
251 1938 290 1991 sic
301 1940 390 1991 animo
402 1942 515 2006 paratos
524 1938 619 1993 rideat
629 1941 662 1991 ut
673 1939 778 1992 nullum
789 1955 839 2007 pro
855 1956 905 1993 sua
919 1939 1000 1992 laude

153 2015 303 2083 periculum
319 2018 453 2081 recusent,
471 2011 593 2068 summae
610 2031 640 2068 se
657 2014 809 2082 iniqnitatis
826 2014 1001 2067 condemnari

155 2090 264 2154 debere,
280 2090 333 2143 nisi
350 2090 546 2143 corumritam
567 2106 616 2144 sua
636 2090 723 2144 salute
741 2090 841 2143 habeat
861 2090 1000 2144 cariorem.

156 2166 204 2220 Sic
223 2167 324 2220 milites
347 2166 500 2222 consolatus
524 2166 621 2221 eodem
644 2165 690 2219 die
713 2165 823 2220 reducit
845 2167 875 2219 in
903 2170 1000 2232 castra,

155 2242 316 2312 reliquaque
332 2259 403 2312 quas
417 2241 454 2295 ad
471 2242 701 2311 oppugnationem
715 2240 808 2310 oppidi
825 2240 1010 2310 pertinebant

156 2318 347 2372 administrare
357 2318 484 2374 instituit.
1070 2329 1073 2334 “

202 2399 250 2470 Ι20.
285 2393 493 2462 Vercingetorix
508 2410 593 2462 quum
608 2393 645 2447 ad
661 2409 725 2448 suos
744 2393 871 2460 redisset,
887 2394 1003 2463 proditi-

157 2469 217 2523 onis
228 2468 516 2539 insimulatns-quod
528 2473 619 2523 castra
629 2470 742 2538 propius
755 2469 891 2524 Romanos
904 2471 1002 2525 moris-

156 2549 207 2613 set,
231 2545 388 2614 quodcum
411 2546 484 2600 omni
502 2545 630 2613 equitatu
645 2545 823 2614 discessisset,
846 2547 921 2616 quod
944 2547 1003 2601 sine

156 2622 269 2690 imperio
291 2625 384 2676 tantas
404 2621 496 2690 copias
516 2621 680 2689 reliquisset,
701 2621 776 2690 quod
799 2622 859 2690 ejus
883 2622 1004 2678 discessu

157 2698 272 2751 Romani
284 2701 363 2752 tanta
375 2698 580 2767 opportunitate
592 2701 621 2751 et
632 2698 774 2752 celeritate
785 2701 937 2764 venissent;
949 2717 1003 2755 non

156 2773 324 2855 haecomnia
338 2775 451 2828 fortuito
467 2779 515 2829 aut
528 2775 586 2828 sine
602 2774 713 2828 consilio
727 2775 852 2831 accidere
868 2777 1006 2844 potuisse3

156 2865 270 2918 regnum
294 2850 370 2903 illum
392 2849 496 2904 Galliae
517 2851 597 2904 malle
622 2850 747 2905 Caesaris
770 2868 898 2906 concessu
922 2870 1003 2922 quam

156 2925 277 2994 ipsorum
288 2925 390 2981 habere
402 2926 619 2981 beneficio-tali
630 2926 711 2980 modo
729 2931 871 2981 accusatus
888 2927 924 2981 sd
938 2928 1005 2981 haec

157 3003 313 3070 respondit:
338 3002 418 3063 Quod
429 3006 520 3057 castra
537 3004 667 3057 movisset
685 3003 787 3056 factum
802 3002 893 3071 inopia
909 3002 1002 3070 pabuli

158 3077 242 3131 etiam
266 3078 331 3147 ipsis
357 3077 544 3133 hortantibus:
573 3078 647 3147 quod
671 3078 784 3146 propius
803 3076 940 3130 Romanos
961 3092 1002 3128 ao

105 3200 108 3204 ,
157 3154 285 3208 cessisset
309 3168 469 3224 persuasum
487 3153 539 3208 loci
559 3153 772 3223 opportunitate,
791 3151 838 3219 qui
862 3166 892 3204 se
915 3150 1004 3219 ipsum
