2175 3409
69 98 116 147 186
342 96 371 145 0.
390 94 493 150 JULII
509 94 683 143 CAESARIS

68 174 221 230 confideret
237 173 370 229 auxiliaa
389 173 613 242 Vercingetorige
628 175 788 241 arcesseret,
804 173 867 228 huic
882 174 923 230 rei

70 249 303 322 praevertendum
316 249 498 315 existimavit3
517 253 547 303 et
558 249 633 318 quod
643 248 750 317 legibus
762 250 923 303 Aeduorum
997 263 1004 279 “
1073 247 1081 259 ‘

69 330 103 382 iis
126 327 173 397 qui
191 342 327 379 summum
348 326 540 394 magistratum
562 326 717 380 obtinerent
736 325 870 379 excedere
888 343 922 379 ex

70 403 171 457 finibus
188 420 242 457 non
266 401 369 470 liceret,
390 419 426 457 nc
450 402 518 470 quid
541 402 577 455 de
596 401 661 469 jure
685 406 734 455 aut
757 402 794 456 de
817 402 923 470 legibus

71 496 166 534 eorum
184 478 352 533 deminuisse
369 478 517 542 videretur,
534 478 594 546 ipse
611 479 639 531 in
657 478 771 532 Aeduos
789 479 922 547 proficisci

71 557 168 610 statuit
192 558 371 622 senatumque
391 570 498 608 omnem
516 557 546 608 et
563 571 631 622 quos
648 555 722 608 inter
739 555 923 609 controversia

70 635 144 686 esset
167 630 203 684 ad
227 647 256 684 se
280 630 421 685 Decetiam
445 630 577 686 evocarit.
613 630 703 695 Quum
726 647 812 700 prope
835 630 922 683 omnis

70 707 167 761 civitas
178 723 211 761 eo
222 707 400 775 convenisset,
412 706 613 775 docereturque
632 706 727 774 paucis
742 706 811 759 clam
827 722 924 759 convo

70 783 139 837 catis
150 783 203 836 alio
217 784 282 850 loeo,
294 782 346 835 alio
362 786 487 850 tempore
502 785 586 850 atque
602 782 763 852 oportuerit,
774 782 889 835 fratrem
904 797 922 834 a

70 858 157 914 fratre
169 858 364 927 renunciatum,
377 859 548 927 quum-leges
560 857 615 911 duo
626 874 661 911 ex
672 874 727 911 una
742 857 845 910 familia
861 857 921 910 vivo

71 938 190 1005 utroque
212 951 266 990 non
289 934 376 989 solum
399 934 577 1001 magistratus
604 934 691 987 creari
718 936 844 987 vetarent
872 931 922 985 sed

72 1012 155 1065 etiam
167 1012 196 1065 in
212 1015 308 1066 senatu
323 1027 383 1065 esse
398 1009 584 1079 prohiberent,
598 1009 696 1063 Cotum
714 1009 859 1077 imperium
876 1008 922 1062 de

72 1106 173 1157 ponere
184 1089 287 1157 coegit:
300 1087 549 1153 Convictolitanem,
558 1086 605 1154 qui
615 1102 666 1154 per
678 1085 835 1140 secerdotes
846 1100 921 1138 more

72 1166 190 1219 civitatis
209 1164 371 1220 intermissis
386 1161 593 1231 magistratibus
612 1166 686 1217 esset
702 1164 817 1227 creatus,
830 1165 922 1230 potes-

72 1245 159 1296 tatem
170 1241 295 1296 obtinere
303 1240 394 1308 jussit.

124 1323 165 1372 34.
201 1318 262 1372 Hoc
278 1317 390 1371 decreto
405 1314 568 1383 interposito
587 1313 745 1369 cohortatus
761 1314 875 1368 Aeduos
889 1316 921 1380 ut

72 1393 314 1456 controversiarum
333 1408 365 1445 ac
382 1391 580 1445 dissensionum
598 1390 821 1444 obliviscerentur
838 1394 921 1457 etque

72 1467 197 1521 omnibus
212 1468 318 1521 omissis
333 1465 398 1535 [his]
413 1465 496 1519 rebus
511 1464 575 1518 huie
590 1463 662 1517 bello
680 1464 822 1532 servirent,
834 1480 921 1531 eaque

72 1559 142 1611 quae
154 1543 317 1596 meruissent
327 1541 448 1611 praemia
460 1539 495 1594 ab
507 1556 537 1594 se
553 1539 661 1594 devicta
677 1539 765 1593 Gallia
781 1543 921 1607 exspecta-

72 1622 141 1683 rent,
153 1617 359 1686 equitatumque
371 1633 478 1671 omnem
491 1618 521 1670 et
533 1615 657 1684 peditum
670 1615 746 1668 milia
756 1630 776 1668 x
788 1614 839 1669 sibi
851 1615 921 1669 cele-

72 1693 150 1747 riter
165 1693 316 1757 mitterent,
340 1692 461 1759 quaein
487 1689 633 1759 praesidiis
656 1691 698 1745 rei
726 1691 922 1745 frumentariae

72 1785 153 1822 eausa
172 1767 336 1835 disponeret,
353 1768 503 1821 exercitum
523 1766 552 1820 in
569 1766 638 1820 duas
653 1770 747 1835 partes
764 1766 870 1820 divisit:
891 1781 922 1820 1v

71 1844 191 1912 legiones
207 1842 236 1895 in
254 1842 374 1897 Senones
392 1842 566 1911 Parisiosque
584 1840 704 1895 Labieno
722 1841 859 1896 ducendas
874 1841 921 1895 de·

72 1920 129 1985 dit3
148 1934 178 1974 vr
193 1918 292 1989 ipsein
304 1917 444 1972 Arvernos
455 1918 491 1971 ad
507 1918 639 1986 oppidum
655 1917 818 1985 Gergoviam
830 1933 923 1971 secun·

73 1996 138 2049 dum
150 1996 248 2050 flumen
261 1994 359 2048 Elaver
371 1993 463 2048 duxit:
475 1994 613 2062 equitatus
622 1997 730 2062 partem
738 1992 778 2046 illi
786 1992 922 2068 attribuit,

71 2075 178 2141 partem
201 2070 253 2125 sibi
275 2069 397 2138 reliquit.
433 2068 493 2133 Qua
515 2085 547 2123 re
574 2069 683 2137 cognita
713 2068 922 2136 Vercingetorix

72 2149 196 2203 omnibus
215 2145 377 2214 interruptis
398 2144 458 2213 ejus
481 2144 600 2208 fluminis
623 2144 753 2213 pontibus
775 2144 811 2197 ab
833 2144 922 2197 altera

73 2225 194 2279 Elaveris
205 2227 285 2294 parto
295 2223 349 2277 iter
361 2221 451 2275 facere
463 2221 560 2289 coepit.
683 2270 692 2284 ,

125 2307 166 2356 35.
202 2301 291 2366 Quum
302 2301 420 2367 uterque
435 2298 548 2365 utrique
566 2301 640 2352 esset
657 2297 795 2351 exercitus
810 2296 839 2348 in
859 2309 922 2348 con-

11 2395 12 2410 *
73 2382 168 2445 spectu
179 2377 290 2445 fereque
306 2392 323 2429 e
339 2373 450 2442 regione
469 2373 568 2427 castris
587 2376 677 2427 castra
693 2376 816 2441 poneret,
832 2371 922 2439 dispe

72 2454 134 2508 sitis
145 2450 362 2523 exploratoribus
374 2449 471 2504 necubi
485 2449 582 2503 effecto
597 2452 682 2518 ponte
699 2447 814 2501 Romani
831 2447 922 2515 copias

72 2529 288 2596 transducerent,
299 2529 360 2581 erat
371 2527 399 2579 in
411 2525 518 2595 magnis
530 2525 641 2579 Caesari
654 2523 861 2578 difficultatibus
876 2538 922 2576 res

71 2622 105 2659 ne
120 2605 252 2674 majorem
267 2603 381 2658 aestatis
396 2605 504 2671 partem
520 2601 631 2655 flumine
646 2600 833 2669 impediretur,
849 2598 923 2668 quod

70 2698 124 2735 non
147 2682 205 2736 fere
229 2684 294 2735 ante
317 2683 478 2734 autumnum
503 2678 602 2733 Elaver
624 2677 695 2731 vado
713 2676 825 2731 transiri
845 2675 923 2728 solet.

72 2758 179 2827 Itaque,
197 2774 232 2811 ne
250 2756 280 2809 id
299 2755 442 2824 accideret,
461 2754 581 2822 siluestri
599 2754 658 2808 loco
678 2752 776 2808 eastris
794 2751 891 2820 positis
906 2766 923 2805 e

11 2849 12 2854 ¹
70 2832 181 2899 regione
192 2831 272 2884 unius
284 2848 377 2885 eorum
389 2831 513 2899 pontium
526 2846 594 2898 quos
604 2827 815 2897 Vercingetorix
823 2826 924 2880 rescin-

11 2967 12 2970 Ἴ
72 2905 176 2958 dendus
193 2910 343 2973 ornaverat,
355 2909 466 2975 postero
478 2905 523 2959 die
535 2922 598 2959 cum
609 2904 716 2959 duabus
727 2901 879 2972 legionibus
895 2902 924 2955 in

72 2979 177 3030 occulto
195 2980 315 3045 restitit;
335 2981 456 3048 reliquas
474 2980 566 3047 copias
586 2997 648 3034 cum
665 2980 791 3034 omnibus
808 2976 924 3047 impedi-

71 3051 178 3114 mentis,
197 3055 230 3105 ut
246 3060 429 3118 consueverat,
444 3056 527 3120 misit,
539 3055 627 3122 captis
647 3056 754 3124 quartis
769 3052 924 3123 quibusque

12 3145 13 3176 1
71 3122 225 3184 cohortibus
250 3126 292 3177 uti
315 3144 443 3181 numerus
466 3129 603 3195 legionum
626 3135 751 3184 constare
774 3129 926 3192 rideretur.¹

11 3303 99 3375 Ι
