2175 3409
429 385 546 441 LIBER
568 382 737 439 TERTIUS.

535 559 635 585 -4—

158 699 246 764 Quum
258 696 286 750 in
298 694 409 750 Italiam
418 694 636 764 proficisceretur
645 696 754 765 Caeam,
762 695 887 751 Serrium
897 698 1012 753 Galbam

156 790 218 827 cum
231 772 338 840 legione
351 770 513 825 duodecima
524 774 555 824 et
565 776 645 839 parte
656 773 797 840 equitatus
811 774 841 827 in
858 774 1013 829 Nantuates

158 850 297 916 Veragros
310 847 490 915 Sedunosque
501 847 585 915 misit,
598 848 645 916 qui
662 847 697 901 ab
713 848 814 903 finibus
832 850 1012 918 Allobrogum

158 925 259 978 et'lacu
271 924 410 977 Lemanno
422 926 452 977 et
462 923 574 977 flumine
587 921 721 978 Rhodano
734 924 771 978 ad
788 942 908 979 summas
925 927 1013 996 Alpes

157 1000 305 1071 pertinent.
342 999 431 1053 Causa
442 999 571 1053 mittendi
584 998 638 1053 fuit
647 999 722 1068 quod
730 1000 785 1054 iter
792 1017 843 1068 per
853 1002 947 1069 Alpes,
957 1018 1012 1071 quo

76 1113 81 1124 .
157 1091 256 1144 magno
279 1088 341 1129 cum
359 1074 481 1143 periculo
502 1076 663 1144 magnisque
682 1092 744 1129 cum
763 1077 893 1145 portoriis
910 1093 1013 1131 merca-

157 1156 233 1208 tores
251 1152 292 1207 ire
306 1154 474 1219 consuerant,
490 1152 616 1220 patefieri
632 1151 750 1205 volebat
788 1153 861 1206 Huic
879 1153 1012 1221 permisit,

158 1229 182 1282 si
198 1244 265 1297 opus
281 1244 342 1282 esse
358 1225 549 1296 arbitraretur,
560 1228 602 1281 uti
618 1228 647 1281 in
661 1228 705 1281 his
721 1228 787 1281 locis
802 1228 937 1296 legionem
956 1228 1013 1283 hie-

157 1305 251 1358 mandi
263 1321 345 1358 causa
356 1303 508 1358 collocaret.
547 1304 636 1358 Galba
647 1304 774 1357 secundis
786 1303 891 1373 aliquot
902 1304 1014 1373 proeliis

157 1382 238 1437 factis
249 1381 424 1449 castellisque
436 1380 621 1450 compluribus
635 1397 728 1434 eorum
741 1382 911 1450 expugnatis,
923 1381 1014 1436 missis

157 1458 195 1512 ad
207 1474 269 1513 eum
280 1458 402 1526 undique
415 1458 514 1525 legatis
526 1457 722 1526 obsidibusque
735 1457 808 1511 datis
817 1461 847 1512 et
855 1474 922 1526 pace
930 1458 1012 1525 facta,

157 1535 301 1590 constituit
312 1535 438 1589 cohortes
450 1534 519 1588 duas
530 1535 560 1587 in
572 1534 758 1588 Nantuatibus
769 1535 901 1592 collocare
912 1539 941 1589 et
952 1535 1013 1604 ipse

157 1628 220 1666 cum
235 1610 348 1679 reliquis
364 1610 425 1678 ejus
442 1610 556 1678 legionis
575 1610 733 1664 cohortibus
752 1611 781 1665 in
800 1611 860 1665 vico
878 1611 1013 1680 Veragro

157 1705 227 1756 rum,
239 1688 287 1756 qui
298 1685 453 1754 appellatur
464 1686 628 1754 Octodurus,
640 1687 778 1754 hiemare;
795 1688 843 1756 qui
854 1687 929 1741 dous
940 1687 1012 1757 posi-

157 1767 204 1818 tus
215 1765 244 1817 in
255 1764 325 1817 valle
337 1779 391 1816 non
402 1778 502 1830 magna
513 1762 625 1830 adjecta
637 1763 751 1832 planitie
764 1763 903 1819 altissimis
915 1763 1013 1817 monti·

157 1840 209 1895 bus
220 1840 343 1907 undique
355 1839 520 1894 continetur.
557 1839 647 1904 Quum
659 1840 704 1894 hic
721 1841 749 1892 in
769 1840 838 1893 duas
853 1843 947 1909 partes
963 1839 1013 1892 flu-

157 1917 231 1971 mine
255 1916 434 1983 divideretur,
454 1916 569 1969 alteram
591 1919 699 1985 partem
719 1914 779 1983 ejus
798 1916 851 1970 vici
870 1915 956 1969 Gallis
976 1915 1013 1969 ad

157 1993 332 2047 hiemandum
348 1993 489 2057 concessit,
504 1992 620 2045 alteram
636 2008 749 2047 vacuam
765 1992 801 2045 ab
818 1992 872 2045 illis
888 1992 1012 2046 relictam

157 2070 315 2124 cohortibus
327 2068 463 2124 attribuit.
483 2069 554 2122 Eum
566 2069 654 2122 locum
667 2068 874 2136 valleiossaque
886 2069 1011 2123 munivit.

210 2151 234 2199 2.
270 2144 970 2214 Quumdieshibernorumcomplurostransissent,l
1001 2176 1011 2188 -

157 2227 336 2292 mentumque
348 2238 381 2276 eo
393 2221 558 2291 comportari
570 2221 707 2290 jussisset,
720 2221 812 2275 subito
823 2237 874 2289 per
890 2219 1013 2287 explora·

157 2303 233 2355 tores
245 2299 346 2354 certior
356 2298 446 2353 iactus
458 2302 501 2353 est
513 2314 548 2351 ex
560 2314 594 2352 ea
604 2301 684 2366 parte
697 2298 756 2366 vici,
766 2313 848 2367 quam
857 2296 943 2350 Gallia
952 2311 1014 2350 con-

157 2380 285 2444 cesserat,
298 2392 393 2429 omnes
403 2379 488 2430 noctu
499 2374 665 2442 discessisse,
676 2377 840 2443 montesque
852 2372 900 2441 qui
909 2372 1014 2442 impen.

158 2453 257 2507 dorent
270 2468 288 2505 a
302 2452 422 2507 maxima
439 2451 618 2505 multitudine
638 2450 810 2505 Sedunorum
829 2451 859 2503 ct
878 2449 1014 2516 Veragro-

157 2546 219 2582 rum
237 2528 333 2582 teneri.
370 2527 406 2580 Id
426 2528 530 2595 aliquot
552 2528 588 2581 de
607 2527 696 2580 causis
714 2526 852 2581 acciderat
871 2528 904 2580 ut
922 2524 1014 2579 subito

159 2604 231 2659 Galli
243 2604 308 2658 belli
320 2604 470 2659 renovandi
482 2604 654 2673 legionisque
666 2604 861 2673 opprimendae
872 2601 1014 2657 consilium

37 2733 43 2748 ,
104 2731 107 2738 r
157 2682 304 2749 caperent;
320 2680 537 2750 primumquod
553 2681 688 2749 legionem
703 2697 794 2749 neque
810 2696 871 2734 eam
890 2679 1014 2748 plenissi-

68 2751 73 2764 ’
122 2759 239 2825 mam,
260 2756 393 2811 detractis
413 2758 570 2813 cohortibus
592 2756 699 2811 duabus
717 2760 748 2811 et
763 2755 947 2825 compluribus
959 2754 1014 2809 sin-

47 2823 52 2838 ¹
158 2832 275 2902 m'llatim
296 2833 343 2902 qui
362 2837 530 2888 commeatus
544 2834 660 2904 petendi
678 2849 761 2888 causa
778 2832 855 2887 missi
871 2834 951 2886 erant
966 2830 1013 2884 ab·

159 2909 291 2979 sentibus,
303 2914 416 2980 propter
436 2912 604 2980 paucitatem
624 2910 831 2981 despiciebant;
849 2913 909 2962 tum
928 2906 1012 2960 etiam

159 2985 367 3055 quodpropter
385 2986 561 3055 iniquitatem
580 2987 639 3055 loci,
659 3003 744 3056 quum
762 2984 816 3053 ipsi
828 3000 862 3038 ex
874 2981 1014 3035 montibus

158 3062 188 3115 iu
208 3062 307 3116 vallem
326 3063 505 3119 decurrerent
526 3066 556 3117 et
575 3062 631 3116 tela
652 3060 829 3128 conjicerent,
844 3074 879 3111 ne
895 3057 1013 3124 primum

160 3138 272 3205 quidem
295 3156 377 3209 posse
397 3139 530 3209 impetum
556 3154 635 3191 suum
659 3135 787 3190 sustineri
811 3130 1012 3186 existimabant.

161 3214 323 3269 Accedebat
335 3214 410 3284 quod
425 3231 488 3269 suos
504 3212 539 3267 ab
557 3230 588 3267 se
603 3210 705 3267 liberos
718 3209 872 3267 abstractos
887 3202 1013 3257 obsidum

990 3277 1086 3379 A
