2175 3409
538 133 649 183 LIBER
665 133 688 182 1.
1021 140 1036 185 3

184 210 371 281 adjudicium
387 227 495 265 omnem
514 227 592 266 uram
612 211 743 267 familiam
757 211 794 267 ad
808 212 947 268 hominum
962 214 1038 268 milia

104 314 108 324 ·
187 288 283 344 decem
301 287 424 356 undique
438 287 536 356 coegit,
555 292 585 343 et
600 304 695 343 omnes
710 288 824 343 clientes
838 289 1037 359 obaeratosque

185 381 257 432 suos,
272 379 388 432 quorum
404 379 532 432 magnum
549 381 694 418 numerum
712 364 842 431 habebat,
858 364 956 420 eodem
973 382 1037 420 con-

182 440 283 494 duxit:
305 455 356 507 per
377 456 424 494 eos
442 455 478 494 ne
494 456 604 494 causam
624 439 731 494 diceret
751 457 781 494 se
802 441 909 510 eripuit
946 442 1036 506 Quum

184 516 282 570 civitas
300 514 336 569 ob
356 532 417 570 eam
437 532 496 570 rem
519 516 634 570 incitata
654 517 737 570 armis
753 516 901 585 jussuum
921 518 1035 585 exsequi

184 595 337 659 conaretur,
356 592 617 660 multitudinemque
634 591 774 646 hominum
793 609 828 647 ex
847 594 921 662 agris
939 594 1037 662 magis-

184 669 274 722 tratus
294 670 431 735 cogerent,
451 667 599 735 Orgetorix
620 671 744 724 mortuus
767 672 828 734 est3
849 686 940 737 neque
957 669 1037 724 abest

182 737 309 811 suspicio,
320 746 353 796 ut
365 742 488 797 Helvetii
502 742 680 809 arbitrantur,
693 743 759 812 quin
773 744 833 813 ipse
850 743 902 798 sibi
918 749 1035 800 mortem

98 857 103 866 .
183 818 352 873 consciverit.

236 900 260 949 5.
291 893 363 950 -l’ost
374 895 435 964 ejus
446 898 565 950 mortem
577 895 664 949 nihilo
679 895 769 948 minus
783 895 903 951 Helvetii
919 895 949 950 id
960 896 1036 965 quod

183 971 381 1025 constituerant
398 971 489 1025 facere
505 974 643 1038 conantur,
654 975 687 1025 ut
703 987 720 1024 e
738 971 838 1025 finibus
855 972 911 1025 suis
926 975 1033 1026 exeant.

184 1044 240 1099 Ubi
249 1044 310 1114 jam
325 1063 355 1101 se
368 1046 406 1101 ad
422 1055 483 1102 eam
499 1063 559 1100 rem
569 1049 681 1115 paratos
693 1063 753 1101 esse
766 1046 893 1100 arbitrati
905 1050 976 1113 sunt,
989 1064 1035 1117 op

182 1121 249 1190 pida
264 1138 314 1176 sua
325 1122 415 1176 omnia
425 1138 539 1178 numero
550 1122 587 1176 ad
599 1121 750 1186 duodecim,
762 1122 836 1176 vicos
853 1121 891 1176 ad
908 1122 1035 1190 quadrin-

145 1217 159 1234 ν
182 1201 288 1264 gentos,
306 1198 411 1267 reliqua
431 1199 537 1267 privata
556 1198 681 1252 aedilicia
698 1195 852 1265 hicendunt,
868 1198 1033 1254 frumentum

183 1288 264 1327 omne
275 1272 493 1343 praeteriquam]
500 1272 575 1342 quod
584 1289 675 1328 secum
687 1273 821 1342 portaturi
834 1277 914 1328 eruut
925 1274 1034 1328 combu-

182 1353 256 1416 runt,
264 1354 296 1404 ut
303 1350 414 1404 domum
421 1345 564 1404 reditionis
571 1366 620 1418 spe
628 1348 737 1404 sublata
742 1350 1034 1418 paratioresadonmia

183 1426 303 1493 pericula
311 1426 452 1480 subeunda
463 1428 572 1491 esscnt;
586 1425 671 1479 trium
682 1425 816 1480 mensium
827 1425 922 1481 molita
932 1425 1033 1481 cibaria

184 1500 235 1554 sibi
244 1518 379 1571 quemque
391 1501 472 1555 domo
481 1501 580 1556 efferre
587 1501 694 1569 jubent.
720 1502 890 1557 Persuadent
903 1502 1033 1557 &ursus

123 1636 125 1639 ,
183 1580 214 1631 et
225 1577 346 1646 Tulingis
357 1582 387 1632 et
399 1577 556 1646 Latobrigis
569 1576 691 1632 finitimis
703 1580 744 1633 uti
758 1578 855 1633 eodem
869 1579 911 1632 usi
922 1578 1032 1633 coasilio

183 1654 289 1721 oppidis
303 1654 358 1707 suis
374 1654 494 1722 vicisque
508 1654 611 1707 exustis
626 1670 682 1707 una
692 1670 754 1708 oum
765 1654 798 1709 iis
809 1654 1032 1743 proficiscantur,

182 1728 326 1797 Boiosque,
345 1730 393 1797 qui
411 1732 488 1782 trans
507 1728 635 1783 Rhenum
652 1730 822 1784 incoluerant
839 1730 895 1784 et
886 1746 916 1784 m
935 1746 1031 1798 agrum

179 1803 312 1858 Noricum
324 1805 488 1858 transierant
500 1804 683 1874 Noreiamque
694 1808 891 1901 oppugnarunt,
906 1807 1032 1873 receptos

181 1880 219 1933 ad
229 1896 260 1934 se
272 1880 358 1934 socios
370 1881 422 1934 sibi
433 1879 594 1934 adsciscunt

202 1962 257 2012 ,ι
287 1956 374 2010 Erant
385 1956 493 2010 omniuo
503 1956 603 2010 itinera
614 1955 669 2010 duo
669 1956 784 2024 ‚quibm
795 1957 937 2012 itineribus
949 1957 1031 2012 domo

180 2031 256 2085 exire
267 2035 394 2101 possent:
407 2044 492 2085 unum
503 2047 554 2101 per
566 2031 705 2100 Sequanos
716 2036 861 2101 angustum
873 2037 903 2088 et
914 2033 1030 2100 diffiesse,

179 2107 253 2161 iuter
271 2110 393 2162 montem
416 2107 514 2164 Juram
537 2111 567 2162 et
590 2108 691 2162 flumen
715 2108 887 2178 Rhodanum,
907 2109 953 2163 vix
977 2124 1031 2177 qua

181 2183 278 2251 singuli
290 2184 360 2237 carri
373 2182 538 2238 ducerentur
548 2204 555 2248 ;
573 2200 651 2238 mons
662 2187 755 2238 autem
766 2184 914 2239 altissimus
926 2185 1030 2253 impen-

180 2257 269 2313 debat
277 2262 310 2313 ut
320 2259 400 2314 facile
410 2260 539 2329 perpauci
551 2259 696 2329 prohibere
707 2264 834 2329 possent:
851 2260 969 2314 alterum
980 2275 1031 2329 per

179 2335 344 2403 provinciam
367 2338 489 2389 nostram
520 2335 606 2389 multo
629 2336 735 2389 facibus
758 2339 842 2404 atque
867 2336 1029 2403 expeditius,

178 2414 325 2480 propterea
337 2410 412 2480 quod
423 2411 496 2465 inter
506 2411 575 2464 fines
588 2410 780 2464 Helvetiorum
795 2413 825 2463 et
841 2410 1029 2479 Allobrogum,

179 2487 226 2554 qui
243 2503 330 2555 nuper
347 2487 437 2555 pacati
455 2485 707 2552 erant‚Rhodanus
723 2484 879 2552 finitisque
896 2486 1030 2541 nonnullis

178 2562 244 2616 locis
260 2562 331 2616 vado
347 2563 486 2616 transitur.
524 2562 686 2615 Extremum
703 2559 833 2630 oppidum
849 2560 1029 2630 Allobrogum

179 2641 223 2693 est
243 2639 451 2707 proximumque
470 2637 661 2692 Helvetiorum
680 2636 781 2691 finibus
797 2636 900 2690 Genua
937 2637 978 2691 llx
996 2654 1029 2692 eo

179 2714 279 2783 oppido
295 2729 363 2783 pons
378 2714 415 2767 ad
435 2713 579 2768 Helvetios
594 2712 723 2781 pertinet.
761 2712 956 2780 Allobrogibus
968 2730 1029 2767 sese

178 2789 222 2843 rel
236 2803 421 2858 percussuros,
438 2788 513 2858 quod
528 2789 648 2843 noudum
667 2789 739 2843 bono
753 2788 843 2843 animo
858 2788 887 2840 in
898 2788 1028 2856 populum

180 2864 333 2919 Romanum
347 2864 512 2929 viderentur,
524 2865 725 2933 existimabant,
736 2865 781 2920 rel
797 2866 824 2918 vi
839 2866 981 2918 coacturos
996 2869 1028 2918 ut

178 2957 228 3010 per
247 2957 312 2995 suos
330 2940 398 2995 fines
418 2956 465 2995 eos
483 2941 524 2994 ire
544 2945 712 3010 paterentur.
749 2938 881 2994 Omnibus
894 2939 976 2993 rebus
992 2940 1028 2992 ad

68 3041 83 3060 u
177 3017 374 3084 profectionem
385 3017 548 3085 comparatis
560 3016 632 3069 diem
644 3015 746 3080 dieunt,
758 3030 813 3081 qua
828 3014 873 3067 die
890 3012 962 3065 ad
940 3029 1028 3079 upum

179 3090 309 3145 Rhodani
326 3106 420 3154 omnes
438 3090 613 3144 conveniant:
633 3089 658 3140 is
676 3088 735 3142 dies
755 3090 816 3142 erat
833 3103 858 3140 a
876 3086 902 3138 d
920 3102 944 3138 v
964 3084 1028 3136 Kal.

179 3164 248 3234 Apr.
261 3165 293 3218 Ιι.
307 3145 405 3217 Pisone
418 3165 453 3216 A
466 3163 583 3217 Gabinio
596 3162 670 3214 Coss
