<?xml version="1.0" encoding="UTF-8"?>
<!DOCTYPE html PUBLIC "-//W3C//DTD XHTML 1.0 Transitional//EN"
    "http://www.w3.org/TR/xhtml1/DTD/xhtml1-transitional.dtd">
<html xmlns="http://www.w3.org/1999/xhtml" xml:lang="en" lang="en">
 <head>
  <title>
</title>
<meta http-equiv="Content-Type" content="text/html;charset=utf-8" />
  <meta name='ocr-system' content='tesseract 3.04.00' />
  <meta name='ocr-capabilities' content='ocr_page ocr_carea ocr_par ocr_line ocrx_word'/>
</head>
<body>
  <div class='ocr_page' id='page_1' title='image "./cjuliicaesarisc00longgoog_0097.png"; bbox 0 0 2175 3409; ppageno 0'>
   <div class='ocr_carea' id='block_1_1' title="bbox 434 119 1034 177">
    <p class='ocr_par' dir='ltr' id='par_1_1' title="bbox 434 119 1034 177">
     <span class='ocr_line' id='line_1_1' title="bbox 434 119 1034 177; baseline 0.013 -10"><span class='ocrx_word' id='word_1_1' title='bbox 434 126 436 132; x_wconf 90' lang='lat'>&#39;</span> <span class='ocrx_word' id='word_1_2' title='bbox 520 121 630 169; x_wconf 83' lang='lat' dir='ltr'>LIBER</span> <span class='ocrx_word' id='word_1_3' title='bbox 646 119 682 168; x_wconf 86' lang='lat' dir='ltr'><strong>V.</strong></span> <span class='ocrx_word' id='word_1_4' title='bbox 1001 125 1034 177; x_wconf 83' lang='lat'><strong>87</strong></span> 
     </span>
    </p>
   </div>
   <div class='ocr_carea' id='block_1_2' title="bbox 171 199 1065 2233">
    <p class='ocr_par' dir='ltr' id='par_1_2' title="bbox 171 199 1065 1842">
     <span class='ocr_line' id='line_1_2' title="bbox 171 199 1033 258; baseline -0.002 0"><span class='ocrx_word' id='word_1_5' title='bbox 171 222 177 246; x_wconf 87' lang='lat'><strong>-·</strong></span> <span class='ocrx_word' id='word_1_6' title='bbox 205 203 209 208; x_wconf 73' lang='grc'>’</span> <span class='ocrx_word' id='word_1_7' title='bbox 233 210 274 258; x_wconf 81' lang='lat'><strong>29.</strong></span> <span class='ocrx_word' id='word_1_8' title='bbox 309 202 412 258; x_wconf 80' lang='lat' dir='ltr'><strong>Contra</strong></span> <span class='ocrx_word' id='word_1_9' title='bbox 434 218 468 257; x_wconf 87' lang='lat' dir='ltr'><strong>ea</strong></span> <span class='ocrx_word' id='word_1_10' title='bbox 491 201 614 256; x_wconf 76' lang='lat' dir='ltr'><strong>Titurius</strong></span> <span class='ocrx_word' id='word_1_11' title='bbox 638 216 701 256; x_wconf 89' lang='lat' dir='ltr'><strong>sero</strong></span> <span class='ocrx_word' id='word_1_12' title='bbox 723 201 845 255; x_wconf 83' lang='lat' dir='ltr'><strong>facturos</strong></span> <span class='ocrx_word' id='word_1_13' title='bbox 868 199 1033 256; x_wconf 81' lang='lat' dir='ltr'><strong>clamitabat</strong></span> 
     </span>
     <span class='ocr_line' id='line_1_3' title="bbox 181 276 1034 347; baseline -0.005 -13"><span class='ocrx_word' id='word_1_14' title='bbox 181 296 265 347; x_wconf 89' lang='lat' dir='ltr'><strong>quum</strong></span> <span class='ocrx_word' id='word_1_15' title='bbox 277 277 395 346; x_wconf 88' lang='lat' dir='ltr'><strong>majores</strong></span> <span class='ocrx_word' id='word_1_16' title='bbox 410 294 506 332; x_wconf 88' lang='lat' dir='ltr'><strong>manus</strong></span> <span class='ocrx_word' id='word_1_17' title='bbox 521 277 642 331; x_wconf 86' lang='lat' dir='ltr'><strong>hostium</strong></span> <span class='ocrx_word' id='word_1_18' title='bbox 657 276 795 345; x_wconf 88' lang='lat' dir='ltr'><strong>adjunctis</strong></span> <span class='ocrx_word' id='word_1_19' title='bbox 812 277 955 330; x_wconf 86' lang='lat' dir='ltr'><strong>Germanis</strong></span> <span class='ocrx_word' id='word_1_20' title='bbox 971 294 1034 331; x_wconf 91' lang='lat' dir='ltr'><strong>con-</strong></span> 
     </span>
     <span class='ocr_line' id='line_1_4' title="bbox 181 352 1034 421; baseline -0.004 -12"><span class='ocrx_word' id='word_1_21' title='bbox 181 356 326 420; x_wconf 86' lang='lat' dir='ltr'><strong>venissent,</strong></span> <span class='ocrx_word' id='word_1_22' title='bbox 350 357 398 408; x_wconf 90' lang='lat' dir='ltr'><strong>aut</strong></span> <span class='ocrx_word' id='word_1_23' title='bbox 426 370 510 421; x_wconf 90' lang='lat' dir='ltr'><strong>quum</strong></span> <span class='ocrx_word' id='word_1_24' title='bbox 533 352 638 421; x_wconf 89' lang='lat' dir='ltr'><strong>aliquid</strong></span> <span class='ocrx_word' id='word_1_25' title='bbox 663 352 824 406; x_wconf 76' lang='lat' dir='ltr'><strong>calamitatis</strong></span> <span class='ocrx_word' id='word_1_26' title='bbox 846 353 874 406; x_wconf 92' lang='lat' dir='ltr'><strong>in</strong></span> <span class='ocrx_word' id='word_1_27' title='bbox 901 354 1034 421; x_wconf 81' lang='lat' dir='ltr'>proximis</span> 
     </span>
     <span class='ocr_line' id='line_1_5' title="bbox 181 427 1034 497; baseline -0.002 -13"><span class='ocrx_word' id='word_1_28' title='bbox 181 430 302 485; x_wconf 87' lang='lat' dir='ltr'><strong>bibernis</strong></span> <span class='ocrx_word' id='word_1_29' title='bbox 313 431 387 483; x_wconf 88' lang='lat' dir='ltr'><strong>esset</strong></span> <span class='ocrx_word' id='word_1_30' title='bbox 398 432 553 497; x_wconf 87' lang='lat' dir='ltr'><strong>acceptum:</strong></span> <span class='ocrx_word' id='word_1_31' title='bbox 571 428 683 482; x_wconf 88' lang='lat' dir='ltr'><strong>brevem</strong></span> <span class='ocrx_word' id='word_1_32' title='bbox 695 427 852 482; x_wconf 87' lang='lat' dir='ltr'><strong>consulendi</strong></span> <span class='ocrx_word' id='word_1_33' title='bbox 864 444 924 482; x_wconf 87' lang='lat' dir='ltr'><strong>esse</strong></span> <span class='ocrx_word' id='word_1_34' title='bbox 936 430 1034 482; x_wconf 83' lang='lat' dir='ltr'><strong>occasi-</strong></span> 
     </span>
     <span class='ocr_line' id='line_1_6' title="bbox 182 503 1034 573; baseline 0 -15"><span class='ocrx_word' id='word_1_35' title='bbox 182 521 276 560; x_wconf 87' lang='lat' dir='ltr'><strong>onem:</strong></span> <span class='ocrx_word' id='word_1_36' title='bbox 290 505 434 560; x_wconf 79' lang='lat' dir='ltr'><strong>Caesarem</strong></span> <span class='ocrx_word' id='word_1_37' title='bbox 446 504 576 559; x_wconf 90' lang='lat' dir='ltr'><strong>arbitrari</strong></span> <span class='ocrx_word' id='word_1_38' title='bbox 592 504 745 573; x_wconf 86' lang='lat' dir='ltr'><strong>proiectum</strong></span> <span class='ocrx_word' id='word_1_39' title='bbox 756 504 784 557; x_wconf 91' lang='lat' dir='ltr'><strong>in</strong></span> <span class='ocrx_word' id='word_1_40' title='bbox 802 503 927 568; x_wconf 82' lang='lat' dir='ltr'><strong>ltaliam3</strong></span> <span class='ocrx_word' id='word_1_41' title='bbox 942 520 1034 571; x_wconf 89' lang='lat' dir='ltr'><strong>neque</strong></span> 
     </span>
     <span class='ocr_line' id='line_1_7' title="bbox 181 579 1035 647; baseline -0.002 -12"><span class='ocrx_word' id='word_1_42' title='bbox 181 581 263 635; x_wconf 88' lang='lat' dir='ltr'><strong>aliter</strong></span> <span class='ocrx_word' id='word_1_43' title='bbox 285 580 419 635; x_wconf 77' lang='lat' dir='ltr'><strong>Carnutes</strong></span> <span class='ocrx_word' id='word_1_44' title='bbox 441 580 623 634; x_wconf 89' lang='lat' dir='ltr'><strong>interficiendi</strong></span> <span class='ocrx_word' id='word_1_45' title='bbox 647 579 766 647; x_wconf 79' lang='lat' dir='ltr'>Tasgetii</span> <span class='ocrx_word' id='word_1_46' title='bbox 790 579 931 633; x_wconf 91' lang='lat' dir='ltr'><strong>consilium</strong></span> <span class='ocrx_word' id='word_1_47' title='bbox 950 579 1035 633; x_wconf 83' lang='lat' dir='ltr'><strong>fuisso</strong></span> 
     </span>
     <span class='ocr_line' id='line_1_8' title="bbox 181 654 1035 726; baseline -0.004 -15"><span class='ocrx_word' id='word_1_48' title='bbox 181 658 316 726; x_wconf 78' lang='lat' dir='ltr'><strong>capturos,</strong></span> <span class='ocrx_word' id='word_1_49' title='bbox 323 673 412 726; x_wconf 89' lang='lat' dir='ltr'><strong>neque</strong></span> <span class='ocrx_word' id='word_1_50' title='bbox 422 655 658 724; x_wconf 72' lang='lat' dir='ltr'><strong>Ilburoneasiille</strong></span> <span class='ocrx_word' id='word_1_51' title='bbox 666 655 784 724; x_wconf 89' lang='lat' dir='ltr'><strong>adesset,</strong></span> <span class='ocrx_word' id='word_1_52' title='bbox 793 658 872 709; x_wconf 86' lang='lat' dir='ltr'><strong>tanta</strong></span> <span class='ocrx_word' id='word_1_53' title='bbox 880 654 966 725; x_wconf 87' lang='lat' dir='ltr'><strong>[cum]</strong></span> <span class='ocrx_word' id='word_1_54' title='bbox 974 672 1035 709; x_wconf 92' lang='lat' dir='ltr'><strong>con·</strong></span> 
     </span>
     <span class='ocr_line' id='line_1_9' title="bbox 181 731 1065 801; baseline -0.001 -16"><span class='ocrx_word' id='word_1_55' title='bbox 181 733 332 801; x_wconf 79' lang='lat' dir='ltr'><strong>temptione</strong></span> <span class='ocrx_word' id='word_1_56' title='bbox 347 732 435 787; x_wconf 85' lang='lat' dir='ltr'><strong>nostri</strong></span> <span class='ocrx_word' id='word_1_57' title='bbox 452 732 488 786; x_wconf 91' lang='lat' dir='ltr'><strong>ad</strong></span> <span class='ocrx_word' id='word_1_58' title='bbox 504 734 594 786; x_wconf 86' lang='lat' dir='ltr'><strong>castra</strong></span> <span class='ocrx_word' id='word_1_59' title='bbox 612 735 743 785; x_wconf 85' lang='lat' dir='ltr'><strong>venturos</strong></span> <span class='ocrx_word' id='word_1_60' title='bbox 761 747 834 785; x_wconf 89' lang='lat' dir='ltr'><strong>esse:</strong></span> <span class='ocrx_word' id='word_1_61' title='bbox 854 748 907 785; x_wconf 89' lang='lat' dir='ltr'><strong>non</strong></span> <span class='ocrx_word' id='word_1_62' title='bbox 927 731 1033 785; x_wconf 87' lang='lat' dir='ltr'><strong>hostem</strong></span> <span class='ocrx_word' id='word_1_63' title='bbox 1060 789 1065 797; x_wconf 59' lang='grc'><strong>,</strong></span> 
     </span>
     <span class='ocr_line' id='line_1_10' title="bbox 182 806 1034 875; baseline 0 -16"><span class='ocrx_word' id='word_1_64' title='bbox 182 811 320 861; x_wconf 84' lang='lat' dir='ltr'><strong>auctorem</strong></span> <span class='ocrx_word' id='word_1_65' title='bbox 339 807 389 861; x_wconf 92' lang='lat' dir='ltr'><strong>sed</strong></span> <span class='ocrx_word' id='word_1_66' title='bbox 406 823 465 860; x_wconf 89' lang='lat' dir='ltr'><strong>rem</strong></span> <span class='ocrx_word' id='word_1_67' title='bbox 484 810 624 875; x_wconf 88' lang='lat' dir='ltr'><strong>spectare;</strong></span> <span class='ocrx_word' id='word_1_68' title='bbox 644 806 756 861; x_wconf 80' lang='lat' dir='ltr'><strong>subesse</strong></span> <span class='ocrx_word' id='word_1_69' title='bbox 775 806 915 872; x_wconf 66' lang='lat' dir='ltr'><strong>Rhenum</strong></span> <span class='ocrx_word' id='word_1_70' title='bbox 935 822 1034 875; x_wconf 79' lang='lat' dir='ltr'><strong>magno</strong></span> 
     </span>
     <span class='ocr_line' id='line_1_11' title="bbox 182 882 1033 951; baseline -0.001 -16"><span class='ocrx_word' id='word_1_71' title='bbox 182 885 242 936; x_wconf 88' lang='lat' dir='ltr'><strong>es&#39;se</strong></span> <span class='ocrx_word' id='word_1_72' title='bbox 266 882 409 942; x_wconf 84' lang='lat' dir='ltr'><strong>Germanis</strong></span> <span class='ocrx_word' id='word_1_73' title='bbox 430 882 516 936; x_wconf 92' lang='lat' dir='ltr'><strong>dolori</strong></span> <span class='ocrx_word' id='word_1_74' title='bbox 530 883 670 937; x_wconf 73' lang='lat' dir='ltr'><strong>‘Ariovisti</strong></span> <span class='ocrx_word' id='word_1_75' title='bbox 691 886 808 936; x_wconf 87' lang='lat' dir='ltr'><strong>mortem</strong></span> <span class='ocrx_word' id='word_1_76' title='bbox 829 887 859 937; x_wconf 91' lang='lat' dir='ltr'><strong>et</strong></span> <span class='ocrx_word' id='word_1_77' title='bbox 879 882 1033 951; x_wconf 86' lang='lat' dir='ltr'><strong>superiores</strong></span> 
     </span>
     <span class='ocr_line' id='line_1_12' title="bbox 181 957 1024 1025; baseline 0 -14"><span class='ocrx_word' id='word_1_78' title='bbox 181 961 289 1012; x_wconf 85' lang='lat' dir='ltr'><strong>nostres</strong></span> <span class='ocrx_word' id='word_1_79' title='bbox 301 958 443 1013; x_wconf 83' lang='lat' dir='ltr'><strong>victorias:</strong></span> <span class='ocrx_word' id='word_1_80' title='bbox 455 958 553 1013; x_wconf 89' lang='lat' dir='ltr'><strong>ardere</strong></span> <span class='ocrx_word' id='word_1_81' title='bbox 565 957 689 1024; x_wconf 79' lang='lat' dir='ltr'><strong>Galliam,</strong></span> <span class='ocrx_word' id='word_1_82' title='bbox 701 961 745 1011; x_wconf 88' lang='lat' dir='ltr'><strong>tot</strong></span> <span class='ocrx_word' id='word_1_83' title='bbox 756 958 927 1012; x_wconf 86' lang='lat' dir='ltr'><strong>contumeliis</strong></span> <span class='ocrx_word' id='word_1_84' title='bbox 941 973 1024 1025; x_wconf 87' lang='lat' dir='ltr'><strong>accep</strong></span> 
     </span>
     <span class='ocr_line' id='line_1_13' title="bbox 182 1032 1034 1103; baseline -0.002 -16"><span class='ocrx_word' id='word_1_85' title='bbox 182 1033 220 1087; x_wconf 89' lang='lat' dir='ltr'><strong>tis</strong></span> <span class='ocrx_word' id='word_1_86' title='bbox 244 1032 293 1086; x_wconf 88' lang='lat' dir='ltr'><strong>sub</strong></span> <span class='ocrx_word' id='word_1_87' title='bbox 312 1035 406 1103; x_wconf 91' lang='lat' dir='ltr'><strong>populi</strong></span> <span class='ocrx_word' id='word_1_88' title='bbox 427 1034 542 1087; x_wconf 81' lang='lat' dir='ltr'><strong>Romani</strong></span> <span class='ocrx_word' id='word_1_89' title='bbox 562 1033 706 1101; x_wconf 89' lang='lat' dir='ltr'><strong>imperium</strong></span> <span class='ocrx_word' id='word_1_90' title='bbox 724 1032 872 1100; x_wconf 87' lang='lat' dir='ltr'><strong>redactam,</strong></span> <span class='ocrx_word' id='word_1_91' title='bbox 893 1033 1034 1100; x_wconf 84' lang='lat' dir='ltr'><strong>superiore</strong></span> 
     </span>
     <span class='ocr_line' id='line_1_14' title="bbox 181 1106 1034 1177; baseline -0.001 -17"><span class='ocrx_word' id='word_1_92' title='bbox 181 1108 269 1176; x_wconf 82' lang='lat' dir='ltr'><strong>gloria</strong></span> <span class='ocrx_word' id='word_1_93' title='bbox 288 1109 328 1162; x_wconf 91' lang='lat' dir='ltr'><strong>rei</strong></span> <span class='ocrx_word' id='word_1_94' title='bbox 346 1109 472 1163; x_wconf 89' lang='lat' dir='ltr'><strong>militaris</strong></span> <span class='ocrx_word' id='word_1_95' title='bbox 491 1109 633 1163; x_wconf 84' lang='lat' dir='ltr'><strong>exstincta</strong></span> <span class='ocrx_word' id='word_1_96' title='bbox 670 1108 812 1162; x_wconf 90' lang='lat' dir='ltr'><strong>Postremo</strong></span> <span class='ocrx_word' id='word_1_97' title='bbox 831 1108 892 1177; x_wconf 91' lang='lat' dir='ltr'><strong>quis</strong></span> <span class='ocrx_word' id='word_1_98' title='bbox 910 1107 962 1161; x_wconf 92' lang='lat' dir='ltr'><strong>hoc</strong></span> <span class='ocrx_word' id='word_1_99' title='bbox 980 1106 1034 1160; x_wconf 87' lang='lat' dir='ltr'><strong>sibi</strong></span> 
     </span>
     <span class='ocr_line' id='line_1_15' title="bbox 181 1182 1034 1251; baseline -0.001 -15"><span class='ocrx_word' id='word_1_100' title='bbox 181 1184 362 1251; x_wconf 88' lang='lat' dir='ltr'><strong>persuaderet</strong></span> <span class='ocrx_word' id='word_1_101' title='bbox 382 1185 439 1237; x_wconf 89' lang='lat' dir='ltr'><strong>sine</strong></span> <span class='ocrx_word' id='word_1_102' title='bbox 451 1187 527 1239; x_wconf 82' lang='lat' dir='ltr'><strong>certa</strong></span> <span class='ocrx_word' id='word_1_103' title='bbox 537 1200 569 1238; x_wconf 88' lang='lat' dir='ltr'><strong>re</strong></span> <span class='ocrx_word' id='word_1_104' title='bbox 581 1183 768 1251; x_wconf 82' lang='lat' dir='ltr'><strong>Ambiorigem</strong></span> <span class='ocrx_word' id='word_1_105' title='bbox 779 1182 816 1236; x_wconf 88' lang='lat' dir='ltr'><strong>ad</strong></span> <span class='ocrx_word' id='word_1_106' title='bbox 827 1183 961 1251; x_wconf 89' lang='lat' dir='ltr'><strong>ejusmodi</strong></span> <span class='ocrx_word' id='word_1_107' title='bbox 972 1193 1034 1236; x_wconf 79' lang='lat' dir='ltr'><strong>&#39;con-</strong></span> 
     </span>
     <span class='ocr_line' id='line_1_16' title="bbox 181 1258 1033 1326; baseline 0 -15"><span class='ocrx_word' id='word_1_108' title='bbox 181 1258 272 1312; x_wconf 92' lang='lat' dir='ltr'><strong>silium</strong></span> <span class='ocrx_word' id='word_1_109' title='bbox 302 1260 493 1315; x_wconf 75' lang='lat' dir='ltr'><strong>descendisset</strong></span> <span class='ocrx_word' id='word_1_110' title='bbox 529 1259 611 1314; x_wconf 83' lang='lat' dir='ltr'><strong>Suam</strong></span> <span class='ocrx_word' id='word_1_111' title='bbox 640 1258 805 1313; x_wconf 89' lang='lat' dir='ltr'><strong>sententiam</strong></span> <span class='ocrx_word' id='word_1_112' title='bbox 833 1259 861 1312; x_wconf 93' lang='lat' dir='ltr'><strong>in</strong></span> <span class='ocrx_word' id='word_1_113' title='bbox 889 1261 1033 1326; x_wconf 84' lang='lat' dir='ltr'><strong>utramque</strong></span> 
     </span>
     <span class='ocr_line' id='line_1_17' title="bbox 181 1332 1032 1403; baseline -0.002 -15"><span class='ocrx_word' id='word_1_114' title='bbox 181 1337 288 1403; x_wconf 88' lang='lat' dir='ltr'><strong>partem</strong></span> <span class='ocrx_word' id='word_1_115' title='bbox 301 1351 361 1390; x_wconf 88' lang='lat' dir='ltr'><strong>esse</strong></span> <span class='ocrx_word' id='word_1_116' title='bbox 378 1339 481 1390; x_wconf 88' lang='lat' dir='ltr'><strong>tutam:</strong></span> <span class='ocrx_word' id='word_1_117' title='bbox 498 1336 521 1389; x_wconf 93' lang='lat' dir='ltr'><strong>si</strong></span> <span class='ocrx_word' id='word_1_118' title='bbox 537 1336 605 1389; x_wconf 91' lang='lat' dir='ltr'><strong>nihil</strong></span> <span class='ocrx_word' id='word_1_119' title='bbox 621 1336 658 1390; x_wconf 92' lang='lat' dir='ltr'><strong>sit</strong></span> <span class='ocrx_word' id='word_1_120' title='bbox 674 1335 776 1402; x_wconf 86' lang='lat' dir='ltr'><strong>durius,</strong></span> <span class='ocrx_word' id='word_1_121' title='bbox 793 1335 867 1387; x_wconf 94' lang='lat' dir='ltr'><strong>nullo</strong></span> <span class='ocrx_word' id='word_1_122' title='bbox 883 1350 944 1388; x_wconf 91' lang='lat' dir='ltr'><strong>cum</strong></span> <span class='ocrx_word' id='word_1_123' title='bbox 961 1332 1032 1403; x_wconf 84' lang='lat' dir='ltr'><strong>peri·</strong></span> 
     </span>
     <span class='ocr_line' id='line_1_18' title="bbox 181 1408 1033 1479; baseline 0 -17"><span class='ocrx_word' id='word_1_124' title='bbox 181 1409 241 1463; x_wconf 90' lang='lat' dir='ltr'><strong>culo</strong></span> <span class='ocrx_word' id='word_1_125' title='bbox 253 1410 289 1464; x_wconf 89' lang='lat' dir='ltr'><strong>ad</strong></span> <span class='ocrx_word' id='word_1_126' title='bbox 301 1412 451 1479; x_wconf 81' lang='lat' dir='ltr'><strong>proximam</strong></span> <span class='ocrx_word' id='word_1_127' title='bbox 462 1410 598 1478; x_wconf 82' lang='lat' dir='ltr'><strong>legionem</strong></span> <span class='ocrx_word' id='word_1_128' title='bbox 609 1411 805 1478; x_wconf 83' lang='lat' dir='ltr'><strong>perventuros;</strong></span> <span class='ocrx_word' id='word_1_129' title='bbox 816 1411 840 1464; x_wconf 92' lang='lat' dir='ltr'><strong>si</strong></span> <span class='ocrx_word' id='word_1_130' title='bbox 849 1409 937 1464; x_wconf 81' lang='lat' dir='ltr'><strong>Gallia</strong></span> <span class='ocrx_word' id='word_1_131' title='bbox 946 1408 1033 1462; x_wconf 88' lang='lat' dir='ltr'><strong>omnis</strong></span> 
     </span>
     <span class='ocr_line' id='line_1_19' title="bbox 181 1483 1032 1553; baseline 0 -16"><span class='ocrx_word' id='word_1_132' title='bbox 181 1501 243 1538; x_wconf 90' lang='lat' dir='ltr'><strong>cum</strong></span> <span class='ocrx_word' id='word_1_133' title='bbox 256 1485 400 1540; x_wconf 84' lang='lat' dir='ltr'><strong>Germanis</strong></span> <span class='ocrx_word' id='word_1_134' title='bbox 412 1486 573 1551; x_wconf 84' lang='lat' dir='ltr'><strong>consentiat,</strong></span> <span class='ocrx_word' id='word_1_135' title='bbox 587 1502 669 1539; x_wconf 88' lang='lat' dir='ltr'><strong>unam</strong></span> <span class='ocrx_word' id='word_1_136' title='bbox 685 1502 746 1539; x_wconf 89' lang='lat' dir='ltr'><strong>esse</strong></span> <span class='ocrx_word' id='word_1_137' title='bbox 761 1486 790 1539; x_wconf 95' lang='lat' dir='ltr'><strong>in</strong></span> <span class='ocrx_word' id='word_1_138' title='bbox 805 1485 946 1540; x_wconf 87' lang='lat' dir='ltr'><strong>celeritate</strong></span> <span class='ocrx_word' id='word_1_139' title='bbox 961 1483 1032 1553; x_wconf 90' lang='lat' dir='ltr'><strong>posi-</strong></span> 
     </span>
     <span class='ocr_line' id='line_1_20' title="bbox 181 1559 1033 1629; baseline 0 -16"><span class='ocrx_word' id='word_1_140' title='bbox 181 1562 238 1613; x_wconf 87' lang='lat' dir='ltr'><strong>tam</strong></span> <span class='ocrx_word' id='word_1_141' title='bbox 251 1560 376 1615; x_wconf 86' lang='lat' dir='ltr'><strong>sulutem.</strong></span> <span class='ocrx_word' id='word_1_142' title='bbox 413 1561 515 1615; x_wconf 78' lang='lat' dir='ltr'><strong>Cottae</strong></span> <span class='ocrx_word' id='word_1_143' title='bbox 529 1561 641 1629; x_wconf 90' lang='lat' dir='ltr'><strong>quidem</strong></span> <span class='ocrx_word' id='word_1_144' title='bbox 656 1564 741 1629; x_wconf 90' lang='lat' dir='ltr'><strong>atque</strong></span> <span class='ocrx_word' id='word_1_145' title='bbox 757 1577 851 1614; x_wconf 89' lang='lat' dir='ltr'><strong>corum</strong></span> <span class='ocrx_word' id='word_1_146' title='bbox 868 1561 915 1629; x_wconf 93' lang='lat' dir='ltr'><strong>qui</strong></span> <span class='ocrx_word' id='word_1_147' title='bbox 930 1559 1033 1615; x_wconf 88' lang='lat' dir='ltr'><strong>dissen-</strong></span> 
     </span>
     <span class='ocr_line' id='line_1_21' title="bbox 181 1636 1031 1705; baseline 0 -17"><span class='ocrx_word' id='word_1_148' title='bbox 181 1636 267 1691; x_wconf 89' lang='lat' dir='ltr'><strong>tirent</strong></span> <span class='ocrx_word' id='word_1_149' title='bbox 283 1637 425 1692; x_wconf 90' lang='lat' dir='ltr'><strong>consilium</strong></span> <span class='ocrx_word' id='word_1_150' title='bbox 444 1653 527 1705; x_wconf 90' lang='lat' dir='ltr'><strong>quem</strong></span> <span class='ocrx_word' id='word_1_151' title='bbox 544 1636 661 1691; x_wconf 89' lang='lat' dir='ltr'><strong>haberet</strong></span> <span class='ocrx_word' id='word_1_152' title='bbox 678 1636 799 1691; x_wconf 85' lang='lat' dir='ltr'><strong>exitumi</strong></span> <span class='ocrx_word' id='word_1_153' title='bbox 817 1637 845 1689; x_wconf 91' lang='lat' dir='ltr'><strong>in</strong></span> <span class='ocrx_word' id='word_1_154' title='bbox 864 1653 919 1705; x_wconf 91' lang='lat' dir='ltr'><strong>quo</strong></span> <span class='ocrx_word' id='word_1_155' title='bbox 937 1636 961 1690; x_wconf 93' lang='lat' dir='ltr'><strong>si</strong></span> <span class='ocrx_word' id='word_1_156' title='bbox 978 1651 1031 1688; x_wconf 93' lang='lat' dir='ltr'><strong>non</strong></span> 
     </span>
     <span class='ocr_line' id='line_1_22' title="bbox 181 1711 1033 1781; baseline -0.005 -15"><span class='ocrx_word' id='word_1_157' title='bbox 181 1728 311 1780; x_wconf 84' lang='lat' dir='ltr'><strong>praesens</strong></span> <span class='ocrx_word' id='word_1_158' title='bbox 322 1712 481 1781; x_wconf 87' lang='lat' dir='ltr'><strong>periculum,</strong></span> <span class='ocrx_word' id='word_1_159' title='bbox 492 1715 523 1766; x_wconf 89' lang='lat' dir='ltr'><strong>at</strong></span> <span class='ocrx_word' id='word_1_160' title='bbox 537 1715 615 1767; x_wconf 88' lang='lat' dir='ltr'><strong>certe</strong></span> <span class='ocrx_word' id='word_1_161' title='bbox 630 1712 777 1781; x_wconf 83' lang='lat' dir='ltr'><strong>longinqua</strong></span> <span class='ocrx_word' id='word_1_162' title='bbox 793 1711 931 1767; x_wconf 84' lang='lat' dir='ltr'><strong>obsidione</strong></span> <span class='ocrx_word' id='word_1_163' title='bbox 947 1711 1033 1764; x_wconf 83' lang='lat' dir='ltr'><strong>fames</strong></span> 
     </span>
     <span class='ocr_line' id='line_1_23' title="bbox 181 1788 394 1842; baseline 0.005 -1"><span class='ocrx_word' id='word_1_164' title='bbox 181 1791 254 1842; x_wconf 88' lang='lat' dir='ltr'><strong>esset</strong></span> <span class='ocrx_word' id='word_1_165' title='bbox 265 1788 394 1842; x_wconf 82' lang='lat' dir='ltr'><strong>timenda</strong></span> 
     </span>
    </p>

    <p class='ocr_par' dir='ltr' id='par_1_3' title="bbox 180 1861 1032 2233">
     <span class='ocr_line' id='line_1_24' title="bbox 232 1861 1030 1932; baseline -0.004 -13"><span class='ocrx_word' id='word_1_166' title='bbox 232 1869 273 1919; x_wconf 80' lang='lat'><strong>30.</strong></span> <span class='ocrx_word' id='word_1_167' title='bbox 311 1864 372 1918; x_wconf 87' lang='lat' dir='ltr'><strong>Hac</strong></span> <span class='ocrx_word' id='word_1_168' title='bbox 390 1864 419 1917; x_wconf 92' lang='lat' dir='ltr'><strong>in</strong></span> <span class='ocrx_word' id='word_1_169' title='bbox 439 1866 586 1932; x_wconf 89' lang='lat' dir='ltr'><strong>utramque</strong></span> <span class='ocrx_word' id='word_1_170' title='bbox 604 1866 711 1932; x_wconf 87' lang='lat' dir='ltr'><strong>partem</strong></span> <span class='ocrx_word' id='word_1_171' title='bbox 731 1863 916 1932; x_wconf 86' lang='lat' dir='ltr'><strong>disputatione</strong></span> <span class='ocrx_word' id='word_1_172' title='bbox 935 1861 1030 1916; x_wconf 86' lang='lat' dir='ltr'><strong>habita</strong></span> 
     </span>
     <span class='ocr_line' id='line_1_25' title="bbox 180 1937 1032 2008; baseline 0 -18"><span class='ocrx_word' id='word_1_173' title='bbox 180 1954 264 2005; x_wconf 84' lang='lat' dir='ltr'><strong>quum</strong></span> <span class='ocrx_word' id='word_1_174' title='bbox 280 1954 298 1992; x_wconf 88' lang='lat' dir='ltr'><strong>a</strong></span> <span class='ocrx_word' id='word_1_175' title='bbox 313 1939 396 1993; x_wconf 78' lang='lat' dir='ltr'><strong>Cotta</strong></span> <span class='ocrx_word' id='word_1_176' title='bbox 410 1939 560 2008; x_wconf 86' lang='lat' dir='ltr'><strong>primisque</strong></span> <span class='ocrx_word' id='word_1_177' title='bbox 577 1937 719 1992; x_wconf 87' lang='lat' dir='ltr'><strong>ordinibus</strong></span> <span class='ocrx_word' id='word_1_178' title='bbox 733 1939 834 1992; x_wconf 87' lang='lat' dir='ltr'><strong>acriter</strong></span> <span class='ocrx_word' id='word_1_179' title='bbox 849 1938 1032 2002; x_wconf 88' lang='lat' dir='ltr'><strong>resisteretur,</strong></span> 
     </span>
     <span class='ocr_line' id='line_1_26' title="bbox 182 2013 1031 2082; baseline 0 -17"><span class='ocrx_word' id='word_1_180' title='bbox 182 2013 299 2081; x_wconf 80' lang='lat' dir='ltr'><strong>Vincite,</strong></span> <span class='ocrx_word' id='word_1_181' title='bbox 311 2015 408 2082; x_wconf 87' lang='lat' dir='ltr'><strong>inquit,</strong></span> <span class='ocrx_word' id='word_1_182' title='bbox 421 2014 444 2067; x_wconf 92' lang='lat' dir='ltr'><strong>si</strong></span> <span class='ocrx_word' id='word_1_183' title='bbox 455 2014 495 2068; x_wconf 92' lang='lat' dir='ltr'><strong>ita</strong></span> <span class='ocrx_word' id='word_1_184' title='bbox 506 2013 597 2080; x_wconf 83' lang='lat' dir='ltr'><strong>vultis,</strong></span> <span class='ocrx_word' id='word_1_185' title='bbox 611 2013 734 2081; x_wconf 83' lang='lat' dir='ltr'><strong>Sabinus,</strong></span> <span class='ocrx_word' id='word_1_186' title='bbox 747 2017 776 2067; x_wconf 90' lang='lat' dir='ltr'><strong>et</strong></span> <span class='ocrx_word' id='word_1_187' title='bbox 788 2013 817 2066; x_wconf 91' lang='lat' dir='ltr'><strong>id</strong></span> <span class='ocrx_word' id='word_1_188' title='bbox 833 2014 948 2067; x_wconf 85' lang='lat' dir='ltr'><strong>clariore</strong></span> <span class='ocrx_word' id='word_1_189' title='bbox 964 2028 1031 2067; x_wconf 84' lang='lat' dir='ltr'><strong>voce</strong></span> 
     </span>
     <span class='ocr_line' id='line_1_27' title="bbox 181 2088 1030 2157; baseline 0 -16"><span class='ocrx_word' id='word_1_190' title='bbox 181 2092 213 2142; x_wconf 93' lang='lat' dir='ltr'><strong>ut</strong></span> <span class='ocrx_word' id='word_1_191' title='bbox 224 2105 323 2156; x_wconf 81' lang='lat' dir='ltr'><strong>magna</strong></span> <span class='ocrx_word' id='word_1_192' title='bbox 333 2105 397 2156; x_wconf 88' lang='lat' dir='ltr'><strong>pars</strong></span> <span class='ocrx_word' id='word_1_193' title='bbox 408 2088 525 2142; x_wconf 84' lang='lat' dir='ltr'><strong>militum</strong></span> <span class='ocrx_word' id='word_1_194' title='bbox 538 2088 696 2143; x_wconf 86' lang='lat' dir='ltr'><strong>exaudiret:</strong></span> <span class='ocrx_word' id='word_1_195' title='bbox 712 2105 802 2156; x_wconf 91' lang='lat' dir='ltr'><strong>neque</strong></span> <span class='ocrx_word' id='word_1_196' title='bbox 813 2089 838 2142; x_wconf 92' lang='lat' dir='ltr'><strong>is</strong></span> <span class='ocrx_word' id='word_1_197' title='bbox 855 2105 922 2154; x_wconf 88' lang='lat' dir='ltr'><strong>sum,</strong></span> <span class='ocrx_word' id='word_1_198' title='bbox 934 2088 1030 2157; x_wconf 87' lang='lat' dir='ltr'><strong>inquit,</strong></span> 
     </span>
     <span class='ocr_line' id='line_1_28' title="bbox 182 2161 1031 2233; baseline -0.004 -16"><span class='ocrx_word' id='word_1_199' title='bbox 182 2164 229 2231; x_wconf 93' lang='lat' dir='ltr'><strong>qui</strong></span> <span class='ocrx_word' id='word_1_200' title='bbox 252 2163 410 2232; x_wconf 68' lang='lat' dir='ltr'><strong>grusbdme</strong></span> <span class='ocrx_word' id='word_1_201' title='bbox 434 2163 569 2219; x_wconf 86' lang='lat' dir='ltr'><strong>ex.vobis</strong></span> <span class='ocrx_word' id='word_1_202' title='bbox 592 2164 689 2218; x_wconf 82' lang='lat' dir='ltr'><strong>mortis</strong></span> <span class='ocrx_word' id='word_1_203' title='bbox 715 2164 836 2233; x_wconf 89' lang='lat' dir='ltr'><strong>periculo</strong></span> <span class='ocrx_word' id='word_1_204' title='bbox 860 2166 978 2217; x_wconf 88' lang='lat' dir='ltr'><strong>terrear:</strong></span> <span class='ocrx_word' id='word_1_205' title='bbox 1001 2161 1031 2215; x_wconf 91' lang='lat' dir='ltr'><strong>hi</strong></span> 
     </span>
    </p>
   </div>
   <div class='ocr_carea' id='block_1_3' title="bbox 117 2237 1032 2534">
    <p class='ocr_par' dir='ltr' id='par_1_4' title="bbox 117 2237 1032 2534">
     <span class='ocr_line' id='line_1_29' title="bbox 181 2237 1032 2309; baseline -0.002 -16"><span class='ocrx_word' id='word_1_206' title='bbox 181 2240 295 2308; x_wconf 87' lang='lat' dir='ltr'><strong>sapient,</strong></span> <span class='ocrx_word' id='word_1_207' title='bbox 305 2242 335 2294; x_wconf 92' lang='lat' dir='ltr'><strong>et</strong></span> <span class='ocrx_word' id='word_1_208' title='bbox 347 2239 370 2293; x_wconf 95' lang='lat' dir='ltr'><strong>si</strong></span> <span class='ocrx_word' id='word_1_209' title='bbox 382 2239 492 2307; x_wconf 80' lang='lat' dir='ltr'><strong>gravius</strong></span> <span class='ocrx_word' id='word_1_210' title='bbox 503 2239 571 2309; x_wconf 87' lang='lat' dir='ltr'><strong>quid</strong></span> <span class='ocrx_word' id='word_1_211' title='bbox 582 2240 720 2308; x_wconf 88' lang='lat' dir='ltr'><strong>acciderit,</strong></span> <span class='ocrx_word' id='word_1_212' title='bbox 732 2239 781 2293; x_wconf 92' lang='lat' dir='ltr'><strong>abs</strong></span> <span class='ocrx_word' id='word_1_213' title='bbox 796 2242 826 2293; x_wconf 90' lang='lat' dir='ltr'><strong>te</strong></span> <span class='ocrx_word' id='word_1_214' title='bbox 842 2237 975 2292; x_wconf 90' lang='lat' dir='ltr'><strong>rationem</strong></span> <span class='ocrx_word' id='word_1_215' title='bbox 991 2254 1032 2291; x_wconf 79' lang='lat' dir='ltr'><strong>re</strong></span> 
     </span>
     <span class='ocr_line' id='line_1_30' title="bbox 117 2312 1031 2385; baseline -0.004 -16"><span class='ocrx_word' id='word_1_216' title='bbox 117 2341 124 2353; x_wconf 85' lang='lat'><strong>·</strong></span> <span class='ocrx_word' id='word_1_217' title='bbox 180 2317 310 2383; x_wconf 88' lang='lat' dir='ltr'><strong>pcsceut;</strong></span> <span class='ocrx_word' id='word_1_218' title='bbox 327 2315 382 2384; x_wconf 78' lang='lat' dir='ltr'><strong>qui</strong></span> <span class='ocrx_word' id='word_1_219' title='bbox 395 2316 418 2370; x_wconf 93' lang='lat' dir='ltr'><strong>si</strong></span> <span class='ocrx_word' id='word_1_220' title='bbox 431 2332 481 2385; x_wconf 92' lang='lat' dir='ltr'><strong>per</strong></span> <span class='ocrx_word' id='word_1_221' title='bbox 493 2319 522 2369; x_wconf 88' lang='lat' dir='ltr'><strong>te</strong></span> <span class='ocrx_word' id='word_1_222' title='bbox 534 2316 623 2382; x_wconf 88' lang='lat' dir='ltr'><strong>liceat,</strong></span> <span class='ocrx_word' id='word_1_223' title='bbox 635 2315 784 2383; x_wconf 86' lang='lat' dir='ltr'><strong>perendino</strong></span> <span class='ocrx_word' id='word_1_224' title='bbox 801 2314 847 2367; x_wconf 92' lang='lat' dir='ltr'><strong>die</strong></span> <span class='ocrx_word' id='word_1_225' title='bbox 863 2329 925 2367; x_wconf 89' lang='lat' dir='ltr'><strong>cum</strong></span> <span class='ocrx_word' id='word_1_226' title='bbox 941 2312 1031 2380; x_wconf 79' lang='lat' dir='ltr'><strong>proxi-</strong></span> 
     </span>
     <span class='ocr_line' id='line_1_31' title="bbox 181 2386 1032 2460; baseline -0.004 -17"><span class='ocrx_word' id='word_1_227' title='bbox 181 2390 233 2443; x_wconf 87' lang='lat' dir='ltr'><strong>mis</strong></span> <span class='ocrx_word' id='word_1_228' title='bbox 253 2389 374 2443; x_wconf 89' lang='lat' dir='ltr'><strong>hibernis</strong></span> <span class='ocrx_word' id='word_1_229' title='bbox 392 2390 530 2460; x_wconf 88' lang='lat' dir='ltr'><strong>conjuncti</strong></span> <span class='ocrx_word' id='word_1_230' title='bbox 550 2406 721 2448; x_wconf 88' lang='lat' dir='ltr'><strong>communem</strong></span> <span class='ocrx_word' id='word_1_231' title='bbox 745 2406 806 2447; x_wconf 90' lang='lat' dir='ltr'><strong>cum</strong></span> <span class='ocrx_word' id='word_1_232' title='bbox 829 2388 942 2458; x_wconf 89' lang='lat' dir='ltr'><strong>reliquis</strong></span> <span class='ocrx_word' id='word_1_233' title='bbox 966 2386 1032 2442; x_wconf 92' lang='lat' dir='ltr'><strong>belli</strong></span> 
     </span>
     <span class='ocr_line' id='line_1_32' title="bbox 181 2463 1032 2534; baseline -0.001 -16"><span class='ocrx_word' id='word_1_234' title='bbox 181 2480 273 2519; x_wconf 85' lang='lat' dir='ltr'><strong>casum</strong></span> <span class='ocrx_word' id='word_1_235' title='bbox 286 2466 443 2533; x_wconf 85' lang='lat' dir='ltr'><strong>sustineant,</strong></span> <span class='ocrx_word' id='word_1_236' title='bbox 452 2483 506 2520; x_wconf 92' lang='lat' dir='ltr'><strong>non</strong></span> <span class='ocrx_word' id='word_1_237' title='bbox 518 2466 614 2534; x_wconf 88' lang='lat' dir='ltr'><strong>rejecti</strong></span> <span class='ocrx_word' id='word_1_238' title='bbox 626 2469 655 2519; x_wconf 90' lang='lat' dir='ltr'><strong>et</strong></span> <span class='ocrx_word' id='word_1_239' title='bbox 665 2464 781 2534; x_wconf 85' lang='lat' dir='ltr'><strong>relegati</strong></span> <span class='ocrx_word' id='word_1_240' title='bbox 792 2465 874 2532; x_wconf 83' lang='lat' dir='ltr'><strong>longe</strong></span> <span class='ocrx_word' id='word_1_241' title='bbox 885 2463 920 2517; x_wconf 91' lang='lat' dir='ltr'><strong>ab</strong></span> <span class='ocrx_word' id='word_1_242' title='bbox 932 2464 1032 2519; x_wconf 86' lang='lat' dir='ltr'><strong>ceteris</strong></span> 
     </span>
    </p>
   </div>
   <div class='ocr_carea' id='block_1_4' title="bbox 160 2528 1037 3211">
    <p class='ocr_par' dir='ltr' id='par_1_5' title="bbox 160 2528 1037 3211">
     <span class='ocr_line' id='line_1_33' title="bbox 180 2528 1037 2596; baseline 0 -2"><span class='ocrx_word' id='word_1_243' title='bbox 180 2543 230 2595; x_wconf 89' lang='lat' dir='ltr'><strong>aut</strong></span> <span class='ocrx_word' id='word_1_244' title='bbox 241 2541 313 2595; x_wconf 83' lang='lat' dir='ltr'><strong>ferro</strong></span> <span class='ocrx_word' id='word_1_245' title='bbox 326 2545 374 2596; x_wconf 88' lang='lat' dir='ltr'><strong>aut</strong></span> <span class='ocrx_word' id='word_1_246' title='bbox 386 2543 457 2596; x_wconf 83' lang='lat' dir='ltr'><strong>fame</strong></span> <span class='ocrx_word' id='word_1_247' title='bbox 468 2543 614 2596; x_wconf 88' lang='lat' dir='ltr'><strong>intereant.</strong></span> <span class='ocrx_word' id='word_1_248' title='bbox 1014 2528 1037 2568; x_wconf 68' lang='lat'><em>⁶</em></span> 
     </span>
     <span class='ocr_line' id='line_1_34' title="bbox 160 2591 1033 2685; baseline -0.002 -14"><span class='ocrx_word' id='word_1_249' title='bbox 160 2617 182 2657; x_wconf 65' lang='lat'><strong>⁹</strong></span> <span class='ocrx_word' id='word_1_250' title='bbox 231 2622 272 2671; x_wconf 84' lang='lat'><strong>31.</strong></span> <span class='ocrx_word' id='word_1_251' title='bbox 309 2591 1033 2685; x_wconf 58' lang='lat' dir='ltr'><strong>Consurgiturexmmili03mmprehenduntuth-</strong></span> 
     </span>
     <span class='ocr_line' id='line_1_35' title="bbox 180 2690 1032 2760; baseline -0.002 -14"><span class='ocrx_word' id='word_1_252' title='bbox 180 2706 235 2760; x_wconf 88' lang='lat' dir='ltr'><strong>que</strong></span> <span class='ocrx_word' id='word_1_253' title='bbox 254 2694 283 2746; x_wconf 91' lang='lat' dir='ltr'><strong>et</strong></span> <span class='ocrx_word' id='word_1_254' title='bbox 302 2696 381 2747; x_wconf 89' lang='lat' dir='ltr'><strong>orant</strong></span> <span class='ocrx_word' id='word_1_255' title='bbox 400 2693 426 2746; x_wconf 92' lang='lat' dir='ltr'>N</span> <span class='ocrx_word' id='word_1_256' title='bbox 427 2710 444 2747; x_wconf 93' lang='lat' dir='ltr'><strong>e</strong></span> <span class='ocrx_word' id='word_1_257' title='bbox 462 2709 512 2746; x_wconf 88' lang='lat' dir='ltr'><strong>sua</strong></span> <span class='ocrx_word' id='word_1_258' title='bbox 529 2690 695 2746; x_wconf 88' lang='lat' dir='ltr'><strong>dissensione</strong></span> <span class='ocrx_word' id='word_1_259' title='bbox 715 2696 744 2746; x_wconf 89' lang='lat' dir='ltr'><strong>et</strong></span> <span class='ocrx_word' id='word_1_260' title='bbox 761 2692 911 2760; x_wconf 87' lang='lat' dir='ltr'><strong>pertinacia</strong></span> <span class='ocrx_word' id='word_1_261' title='bbox 929 2708 988 2745; x_wconf 90' lang='lat' dir='ltr'><strong>rem</strong></span> <span class='ocrx_word' id='word_1_262' title='bbox 1003 2692 1032 2744; x_wconf 89' lang='lat' dir='ltr'><strong>in</strong></span> 
     </span>
     <span class='ocr_line' id='line_1_36' title="bbox 180 2767 1032 2840; baseline -0.002 -20"><span class='ocrx_word' id='word_1_263' title='bbox 180 2783 315 2821; x_wconf 86' lang='lat' dir='ltr'><strong>summum</strong></span> <span class='ocrx_word' id='word_1_264' title='bbox 334 2768 484 2840; x_wconf 71' lang='lat' dir='ltr'><strong>periodum</strong></span> <span class='ocrx_word' id='word_1_265' title='bbox 506 2767 658 2822; x_wconf 88' lang='lat' dir='ltr'><strong>deducant:</strong></span> <span class='ocrx_word' id='word_1_266' title='bbox 679 2768 786 2821; x_wconf 87' lang='lat' dir='ltr'><strong>facilem</strong></span> <span class='ocrx_word' id='word_1_267' title='bbox 809 2784 869 2822; x_wconf 89' lang='lat' dir='ltr'><strong>esse</strong></span> <span class='ocrx_word' id='word_1_268' title='bbox 892 2784 959 2835; x_wconf 89' lang='lat' dir='ltr'><strong>rem,</strong></span> <span class='ocrx_word' id='word_1_269' title='bbox 983 2781 1032 2820; x_wconf 89' lang='lat' dir='ltr'><strong>seu</strong></span> 
     </span>
     <span class='ocr_line' id='line_1_37' title="bbox 179 2841 1032 2912; baseline -0.002 -15"><span class='ocrx_word' id='word_1_270' title='bbox 179 2847 309 2897; x_wconf 85' lang='lat' dir='ltr'><strong>maneant</strong></span> <span class='ocrx_word' id='word_1_271' title='bbox 321 2859 369 2897; x_wconf 88' lang='lat' dir='ltr'><strong>seu</strong></span> <span class='ocrx_word' id='word_1_272' title='bbox 380 2844 594 2912; x_wconf 85' lang='lat' dir='ltr'><strong>proficiscantur,</strong></span> <span class='ocrx_word' id='word_1_273' title='bbox 606 2842 722 2896; x_wconf 90' lang='lat' dir='ltr'><strong>simodo</strong></span> <span class='ocrx_word' id='word_1_274' title='bbox 734 2859 818 2896; x_wconf 92' lang='lat' dir='ltr'><strong>unum</strong></span> <span class='ocrx_word' id='word_1_275' title='bbox 837 2858 931 2896; x_wconf 89' lang='lat' dir='ltr'><strong>omnes</strong></span> <span class='ocrx_word' id='word_1_276' title='bbox 948 2841 1032 2896; x_wconf 91' lang='lat' dir='ltr'><strong>senti-</strong></span> 
     </span>
     <span class='ocr_line' id='line_1_38' title="bbox 180 2917 1031 2987; baseline -0.006 -15"><span class='ocrx_word' id='word_1_277' title='bbox 180 2921 228 2972; x_wconf 88' lang='lat' dir='ltr'><strong>ant</strong></span> <span class='ocrx_word' id='word_1_278' title='bbox 240 2934 271 2972; x_wconf 88' lang='lat' dir='ltr'><strong>ac</strong></span> <span class='ocrx_word' id='word_1_279' title='bbox 282 2917 414 2987; x_wconf 80' lang='lat' dir='ltr'><strong>probent3</strong></span> <span class='ocrx_word' id='word_1_280' title='bbox 433 2923 529 2974; x_wconf 88' lang='lat' dir='ltr'><strong>contra</strong></span> <span class='ocrx_word' id='word_1_281' title='bbox 539 2919 568 2972; x_wconf 93' lang='lat' dir='ltr'><strong>in</strong></span> <span class='ocrx_word' id='word_1_282' title='bbox 580 2918 746 2972; x_wconf 88' lang='lat' dir='ltr'><strong>dissensione</strong></span> <span class='ocrx_word' id='word_1_283' title='bbox 757 2918 901 2971; x_wconf 85' lang='lat' dir='ltr'><strong>nullamse</strong></span> <span class='ocrx_word' id='word_1_284' title='bbox 916 2917 1031 2970; x_wconf 86' lang='lat' dir='ltr'><strong>salutem</strong></span> 
     </span>
     <span class='ocr_line' id='line_1_39' title="bbox 179 2990 1031 3063; baseline -0.007 -16"><span class='ocrx_word' id='word_1_285' title='bbox 179 2995 344 3063; x_wconf 89' lang='lat' dir='ltr'><strong>perspicere.</strong></span> <span class='ocrx_word' id='word_1_286' title='bbox 379 2995 435 3049; x_wconf 86' lang='lat' dir='ltr'><strong>Res</strong></span> <span class='ocrx_word' id='word_1_287' title='bbox 447 2994 630 3063; x_wconf 90' lang='lat' dir='ltr'><strong>disputatione</strong></span> <span class='ocrx_word' id='word_1_288' title='bbox 642 2993 679 3046; x_wconf 91' lang='lat' dir='ltr'><strong>ad</strong></span> <span class='ocrx_word' id='word_1_289' title='bbox 690 2993 808 3047; x_wconf 87' lang='lat' dir='ltr'><strong>mediam</strong></span> <span class='ocrx_word' id='word_1_290' title='bbox 816 2995 923 3045; x_wconf 88' lang='lat' dir='ltr'><strong>noctem</strong></span> <span class='ocrx_word' id='word_1_291' title='bbox 932 2990 1031 3059; x_wconf 87' lang='lat' dir='ltr'><strong>perdu-</strong></span> 
     </span>
     <span class='ocr_line' id='line_1_40' title="bbox 179 3069 1032 3138; baseline -0.012 -14"><span class='ocrx_word' id='word_1_292' title='bbox 179 3070 265 3124; x_wconf 85' lang='lat' dir='ltr'><strong>citur:</strong></span> <span class='ocrx_word' id='word_1_293' title='bbox 280 3070 395 3124; x_wconf 89' lang='lat' dir='ltr'><strong>tandem</strong></span> <span class='ocrx_word' id='word_1_294' title='bbox 406 3071 455 3124; x_wconf 85' lang='lat' dir='ltr'><strong>dat</strong></span> <span class='ocrx_word' id='word_1_295' title='bbox 468 3071 552 3124; x_wconf 81' lang='lat' dir='ltr'><strong>Cotta</strong></span> <span class='ocrx_word' id='word_1_296' title='bbox 563 3073 704 3138; x_wconf 90' lang='lat' dir='ltr'><strong>permotus</strong></span> <span class='ocrx_word' id='word_1_297' title='bbox 720 3085 828 3123; x_wconf 87' lang='lat' dir='ltr'><strong>manus:</strong></span> <span class='ocrx_word' id='word_1_298' title='bbox 844 3069 956 3134; x_wconf 87' lang='lat' dir='ltr'><strong>superat</strong></span> <span class='ocrx_word' id='word_1_299' title='bbox 971 3079 1032 3117; x_wconf 52' lang='lat' dir='ltr'><strong>sen*</strong></span> 
     </span>
     <span class='ocr_line' id='line_1_41' title="bbox 179 3141 1031 3211; baseline -0.009 -11"><span class='ocrx_word' id='word_1_300' title='bbox 179 3146 268 3201; x_wconf 88' lang='lat' dir='ltr'><strong>tentia</strong></span> <span class='ocrx_word' id='word_1_301' title='bbox 284 3144 385 3202; x_wconf 76' lang='lat' dir='ltr'><strong>Sabini.</strong></span> <span class='ocrx_word' id='word_1_302' title='bbox 419 3144 618 3200; x_wconf 88' lang='lat' dir='ltr'><strong>Pronunciatur</strong></span> <span class='ocrx_word' id='word_1_303' title='bbox 634 3144 724 3211; x_wconf 87' lang='lat' dir='ltr'><strong>prima</strong></span> <span class='ocrx_word' id='word_1_304' title='bbox 740 3144 801 3197; x_wconf 90' lang='lat' dir='ltr'><strong>luce</strong></span> <span class='ocrx_word' id='word_1_305' title='bbox 817 3141 919 3194; x_wconf 85' lang='lat' dir='ltr'><strong>ituros:</strong></span> <span class='ocrx_word' id='word_1_306' title='bbox 937 3152 1031 3193; x_wconf 87' lang='lat' dir='ltr'><strong>consu·</strong></span> 
     </span>
    </p>
   </div>
   <div class='ocr_carea' id='block_1_5' title="bbox 0 0 1092 3409">
    <p class='ocr_par' dir='ltr' id='par_1_6' title="bbox 0 0 1092 3409">
     <span class='ocr_line' id='line_1_42' title="bbox 0 0 1092 3409; baseline 0 0"><span class='ocrx_word' id='word_1_307' title='bbox 0 0 1092 3409; x_wconf 95' lang='lat' dir='ltr'><strong> </strong></span> 
     </span>
    </p>
   </div>
  </div>
 </body>
</html>
