2175 3409
89 118 136 167 104
358 115 386 164 o.
404 113 506 182 Jpnrr
522 112 702 180 assessis

94 196 205 253 Gallicis
221 195 304 251 rebus
321 194 413 249 favero
430 197 529 248 natura
542 181 676 260 cogebat!
700 177 840 247 Labienus
856 196 940 248 noctu

94 272 214 329 tribunis
232 271 351 324 militum
370 270 522 340 primisque
541 268 684 322 ordinibus
704 269 858 322 convocatis
872 268 940 337 quid

94 349 137 403 sui
149 348 185 402 sit
197 345 300 401 consilii
311 345 447 415 proponit,
459 348 490 399 et
504 360 558 413 quo
575 343 681 398 facilius
694 343 820 398 hostibus
833 344 940 399 timoris

94 425 144 480 det
165 422 351 492 suspicionem,
374 420 479 494 majore
503 420 621 489 strepitu
650 421 680 474 et
708 420 830 475 tumultu
857 436 940 489 quam

93 499 187 570 populi
212 498 328 553 Romani
351 497 408 552 fert
428 495 598 551 eonsuetudo
618 497 709 551 castra
729 496 832 550 moveri
848 495 940 563 jubet.

96 576 149 630 His
168 573 252 628 rebus
270 572 352 641 fugae
375 570 491 626 similem
509 571 706 640 profectionem
727 571 824 625 effecit
862 571 941 625 Haeo

94 665 206 721 quoque
221 665 273 718 per
289 647 479 717 exploratores
497 650 563 701 ante
580 647 669 720 lucem
687 647 716 702 in
733 650 812 701 tanta
829 647 941 716 propin-

95 726 203 795 quitate
215 727 369 778 castrorum
381 722 418 777 ad
429 722 525 778 hostes
536 721 708 776 deferuntur.
762 777 773 802 x

91 869 95 874 Δ
147 807 171 857 8.
205 800 263 854 Vix
278 815 376 867 agmen
395 798 572 853 novissimum
593 802 673 852 extra
692 799 858 854 munitiones
877 814 941 868 pro-

95 880 231 945 cesserat,
246 892 331 945 quum
353 874 425 929 Galli
448 873 584 928 cohortati
602 874 677 930 inter
694 891 725 929 se
741 874 940 947 Nesperatam

94 953 225 1023 praedam
241 968 276 1006 ex
290 950 414 1005 manibus
430 949 611 1022 dimitterent,
631 951 741 1019 longum
759 966 821 1005 esse
835 953 940 1019 perter-

94 1030 156 1084 ritis
169 1027 299 1083 Romanis
311 1027 510 1081 Germanorum
522 1026 652 1079 auxilium
668 1029 836 1095 exspectare,
850 1043 940 1095 nequo

95 1122 173 1160 suam
190 1104 250 1175 pati
270 1103 435 1172 dignitatern
459 1103 491 1155 ut
514 1102 601 1156 tantis
624 1102 709 1176 copiis
731 1105 789 1156 tam
813 1103 940 1174 exiguam

95 1197 213 1248 manum,
225 1178 388 1250 praesertim
399 1178 551 1247 fugientem
564 1180 648 1246 atque
659 1166 829 1249 impeditam,
839 1177 940 1232 adoriri

95 1273 150 1312 non
162 1257 291 1322 audeant,
307 1254 408 1309 flumen
423 1254 543 1307 transire
558 1256 588 1306 et
601 1253 695 1323 iniquo
709 1254 768 1316 loeo
784 1252 941 1323 [proelium]

95 1333 267 1387 oommittere
277 1346 332 1384 non
344 1329 479 1384 dubitant
516 1329 593 1394 Quae
610 1328 670 1383 fore
687 1329 841 1398 suspieatus
859 1329 941 1383 Labi-

96 1424 171 1475 enus,
184 1412 217 1462 ut
228 1422 321 1461 omnes
332 1405 403 1460 eitra
413 1405 515 1458 flumen
530 1404 645 1458 eliceret
659 1404 756 1459 eadem
773 1421 840 1459 usus
859 1406 941 1459 simu-

35 1496 37 1501 ·
96 1484 196 1538 latione
207 1482 321 1548 itineris,
331 1481 438 1552 placide
446 1479 681 1550 progrediebatur.
706 1480 775 1534 Tum
784 1482 942 1551 praemissis

95 1558 217 1628 paullum
235 1556 438 1633 impedimentis
453 1560 537 1624 atque
553 1556 582 1608 in
596 1556 703 1610 tumulo
720 1556 839 1624 quodam
858 1557 941 1611 collo-

96 1634 171 1701 oatis,
184 1632 310 1701 Habetis,
322 1632 419 1702 inquit,
433 1633 542 1704 milites,
555 1648 638 1700 quam
646 1632 758 1701 petistis
766 1632 941 1688 facultatem:

96 1711 204 1765 hostem
221 1708 355 1778 impedito
374 1711 458 1777 atque
477 1708 571 1776 iniquo
590 1707 649 1763 loeo
667 1708 782 1762 tenetis:
800 1712 942 1778 praestate

97 1785 211 1840 eandem
223 1783 302 1838 nobis
314 1782 430 1838 ducibus
443 1784 575 1858 virtutem
592 1800 673 1852 quam
686 1799 880 1852 saepenumero
891 1785 942 1838 im-

29 1926 35 1934 ·
96 1861 218 1933 peratori
230 1859 419 1928 praestitistis:
431 1859 530 1915 adesse
539 1876 602 1913 eum
612 1859 717 1914 ethaeo
726 1876 816 1913 eoram
831 1876 942 1915 eernere

97 1937 261 1992 existimate.
297 1934 383 1990 Simul
395 1935 473 2004 signa
487 1934 524 1989 ad
536 1934 645 1990 hostem
663 1935 785 1990 eonverti
802 1936 945 2004 aciemque
967 1943 969 1947 ’

98 2012 179 2082 dirigi
194 2012 285 2082 jobet,
294 2015 325 2067 et
335 2012 429 2081 paucis
440 2012 540 2065 turmis
552 2011 688 2084 praesidio
699 2011 736 2065 ad
747 2011 945 2080 impedimenta

97 2089 217 2146 dimissis
227 2088 346 2158 reliquos
362 2087 469 2157 equites
487 2086 523 2140 ad
540 2087 628 2140 latera
647 2087 772 2155 disponit
809 2087 944 2141 Celeriter

96 2166 184 2221 nostri
199 2166 317 2220 elamore
335 2163 443 2218 sublato
460 2162 516 2232 pila
533 2163 562 2215 in
579 2162 674 2216 hostes
695 2162 856 2216 immittunt.
897 2162 944 2217 llli

96 2243 144 2297 ubi
155 2244 267 2312 praeter
278 2256 354 2311 spem
367 2256 435 2309 quos
451 2238 547 2307 fugere
564 2237 713 2292 eredebant
729 2238 837 2306 infestis
860 2238 945 2306 signis

97 2319 134 2373 ad
146 2334 175 2372 se
188 2317 230 2372 ire
245 2316 381 2383 viderunt,
393 2315 526 2383 impetum
537 2312 619 2368 modo
631 2314 705 2367 ferre
716 2330 770 2367 non
786 2316 944 2382 potuerunt,

97 2410 130 2449 ae
146 2394 235 2462 primo
255 2407 388 2447 concursu
405 2389 434 2444 in
452 2390 545 2459 fugam
565 2389 680 2459 conjecti
700 2390 839 2459 proximas
863 2390 945 2456 silvas

97 2469 250 2541 petierunt:
270 2482 339 2537 quos
355 2466 492 2522 Labienus
510 2466 637 2534 equitatu
655 2467 834 2533 oonseotatns,
846 2481 946 2532 magno

98 2561 212 2600 numero
228 2545 381 2612 interfecto,
394 2541 580 2611 compluribus
593 2541 688 2610 captis,
700 2542 794 2611 paucis
809 2546 873 2611 post
887 2540 945 2595 die·

98 2621 150 2675 bus
161 2620 301 2675 civitatem
313 2619 431 2687 recepit3
448 2634 511 2672 nam
527 2616 658 2670 Germani
675 2617 723 2686 qui
739 2618 839 2671 auxilio
855 2617 945 2670 venie-

97 2697 173 2762 bant,
190 2698 323 2765 percepta
338 2693 511 2748 Trevirorum
525 2693 600 2760 fuga,
615 2709 676 2747 sese
695 2692 807 2746 domun
824 2692 947 2746 contule-

99 2776 171 2826 runt
209 2771 279 2826 Cum
294 2770 337 2824 his
350 2768 498 2839 propinqui
512 2767 706 2836 Indutiomari,
722 2767 769 2837 qui
785 2767 947 2822 deiectionis

99 2850 226 2901 auctores
242 2846 360 2910 fuerant,
373 2844 496 2899 comitati
512 2859 560 2897 eos
578 2860 613 2897 ex
631 2844 743 2899 civitate
762 2847 946 2899 excesserunt

100 2921 275 2989 Cingetorigi,
297 2937 378 2988 quem
397 2919 432 2973 ab
455 2918 533 2973 initio
552 2921 732 2987 permansisse
750 2920 779 2975 in
794 2920 881 2975 officio
898 2919 947 2974 de-

100 2996 316 3057 monstravimus,
326 2995 494 3064 principatus
507 2996 590 3062 atque
599 2995 743 3064 imperium
750 2998 794 3050 est
804 2996 946 3050 traditum.

153 3074 178 3121 9.
213 3068 315 3122 Caesar
325 3071 471 3135 postquam
483 3085 518 3122 ex
530 3068 667 3139 Menapiis
678 3070 707 3123 in
723 3071 849 3125 Treviros
865 3071 950 3140 venit,

102 3139 210 3194 duabus
223 3140 259 3195 de
272 3141 362 3196 causis
377 3141 504 3197 Rhenum
517 3142 635 3198 transire
653 3146 809 3201 eonstituit:
831 3162 948 3215 quarum
1073 3110 1082 3152 ⁸
