2175 3409
58 117 107 165 162
242 115 270 163 0.
288 114 307 163 J
310 114 392 164 ULll
410 112 591 163 CAESARIS
602 112 716 160 LIBER
732 113 797 161 VlI.

57 194 206 249 occiditur:
217 193 443 262 Vergasillaunus
451 194 593 247 Arvernus
601 192 678 245 vivus
685 191 785 260 iniuga
793 208 917 262 compre·

58 271 204 325 henditur:
217 271 295 338 signa
303 270 433 324 militaria
444 267 576 322 uxx1vad
589 268 734 323 Gaesarem
744 268 917 323 referuntur:

57 348 137 415 pauci
150 363 185 401 ex
196 349 275 400 tanto
286 362 400 399 numero
415 363 444 399 se
459 344 610 399 incolumes
623 345 652 398 in
666 348 757 399 castra
772 345 915 414 recipiunt.

59 422 215 492 Conspicati
223 438 258 476 er
267 421 369 491 oppido
378 422 491 476 caedem
503 425 533 476 et
544 421 637 490 lugam
646 437 758 476 suorum
769 416 918 490 desperata

59 499 148 553 salute
163 497 256 569 copias
268 515 285 552 a
295 497 492 552 munitionibus
503 496 646 552 reducunt
676 497 724 551 Fit
732 497 857 566 protinus
865 497 918 552 hac

58 591 90 629 re
105 574 200 629 audita
216 590 251 628 ex
266 574 364 629 castris
382 573 524 629 Gallorum
541 573 614 642 luga.
651 572 732 638 Quod
746 573 799 627 nisi
812 573 916 627 crebris

58 650 188 704 subsidiis
208 666 240 705 ec
263 650 351 704 totius
374 649 430 704 diei
450 649 544 703 labore
567 648 670 702 milites
693 648 787 702 essent
807 648 915 715 defessi,

58 726 282 780 omneshostium
292 724 650 795 copiaedeleripotuissent.
687 723 916 779 Demodianocte

58 797 486 871 missusequitatusnovissimum
495 817 593 869 agmen
601 802 917 870 consequitur:magnus

57 893 187 931 numerus
205 878 313 947 capitur
330 880 416 947 atque
432 877 616 943 interficitur;
632 876 732 945 reliqui
749 892 783 930 ex
801 876 867 945 iuga
886 877 916 930 in

59 953 186 1008 civitates
198 953 351 1008 discedunt.
741 951 745 958 '

111 1035 152 1084 89.
189 1029 304 1085 Postero
316 1030 362 1083 die
373 1028 584 1097 Vercingetorix
596 1028 709 1083 concilio
723 1031 871 1083 convocato
884 1028 916 1083 id

59 1119 90 1158 se
100 1105 203 1160 bellum
215 1105 367 1174 suscepisse
378 1120 432 1159 non
445 1120 556 1158 suarum
568 1105 763 1159 necessitatum
777 1104 828 1159 sed
843 1120 916 1159 com-

59 1181 149 1235 munis
163 1181 300 1240 libertatis
316 1197 398 1235 causa
415 1179 606 1247 demonstrat;
623 1183 653 1234 et
667 1179 847 1250 quoniam‘sit
861 1181 916 1235 for-

58 1258 144 1311 tunae
160 1257 321 1326 cedendum,
336 1256 373 1310 ad
386 1259 534 1325 utramque
551 1272 610 1310 rem
628 1272 659 1310 se
676 1256 730 1309 illis
747 1256 852 1321 offerre,
867 1273 916 1310 seu

58 1336 148 1387 morte
160 1350 210 1387 sua
223 1333 353 1387 Romanis
364 1332 529 1400 satisfacere,
539 1348 589 1386 seu
596 1333 687 1386 rivum
699 1332 812 1386 tradere
824 1332 916 1387 velint

60 1407 212 1462 Mittuntur
221 1408 257 1463 de
266 1408 309 1462 his
318 1408 447 1463 rebusad
457 1407 602 1462 Caesarem
613 1408 705 1476 legati.
739 1408 759 1462 J
760 1407 828 1462 ubet
839 1425 916 1462 arma

59 1483 141 1551 tradi,
155 1483 293 1553 principes
308 1484 429 1558 produci.
465 1483 531 1553 Ipse
544 1484 574 1537 in
587 1484 738 1538 munitione
753 1500 805 1552 pro
817 1484 915 1538 cestris

59 1560 198 1615 consedit:
208 1576 241 1613 eo
253 1560 337 1614 duces
348 1559 545 1628 producuntur.
576 1559 788 1628 Vercingetorix
795 1558 915 1626 deditur,

58 1650 135 1688 arma
144 1634 331 1704 projiciuntur.
358 1635 519 1689 Reservatis
529 1634 636 1689 Aeduis
645 1639 729 1704 atque
739 1635 880 1703 Arvernis,
891 1635 915 1688 si

58 1726 110 1780 per
125 1726 173 1764 eos
189 1710 317 1764 civitates
331 1726 496 1779 recuperare
510 1714 611 1780 posset,
624 1727 659 1765 ex
672 1710 785 1780 reliquis
800 1710 915 1780 captivis

58 1789 118 1840 toto
128 1785 251 1842 exercitu
263 1786 354 1856 capita
366 1786 472 1855 singula
484 1786 605 1854 praedae
616 1787 724 1840 nomine
736 1786 886 1840 distribuit.

111 1868 151 1917 90.
188 1863 241 1917 His
264 1862 348 1917 rebus
372 1863 502 1917 confectis
525 1863 554 1917 in
580 1862 694 1918 Aeduos
716 1863 914 1932 proficiscitur3

57 1939 198 1994 civitatem
215 1939 323 2009 recipit.
357 1940 398 1993 uo
418 1939 503 2007 legati
527 1939 563 1994 ab
587 1939 720 1994 Arvernis
743 1939 819 1992 missi
842 1956 915 2008 quae

57 2014 208 2085 imperaret
231 2032 262 2070 se
284 2017 406 2070 facturos
428 2015 600 2084 pollicentur.
618 2050 621 2053 ·
636 2015 761 2085 Imperat
783 2031 914 2083 magnum

57 2107 203 2147 numerum
219 2092 352 2147 obsidum.
389 2092 523 2160 Legiones
538 2091 568 2145 in
581 2090 699 2145 hiberna
712 2091 807 2165 mittit.
836 2091 915 2159 -Oap-

58 2168 177 2222 livorum
200 2169 311 2223 circiter
333 2184 372 2223 xx
389 2169 471 2223 milia¹
482 2168 588 2222 Aeduis
607 2168 795 2236 Arvernisque
811 2167 912 2222 reddit.

59 2244 88 2298 Τ.
104 2244 255 2299 Labienum
271 2244 378 2299 duabus
394 2261 457 2299 cum
471 2244 627 2315 legionibus
638 2246 668 2297 et
681 2244 807 2311 equitatu
821 2243 850 2296 in
865 2244 914 2297 Se-

59 2337 163 2389 quanos
180 2321 314 2390 proficisci
327 2320 427 2388 jubet:
446 2321 508 2375 huic
523 2321 562 2374 M.
578 2320 770 2389 Sempronium
789 2318 913 2373 Rutilum

58 2397 194 2451 attribuit.
231 2398 261 2453 0.
282 2397 398 2451 Fabium
422 2399 452 2452 et
476 2396 505 2449 L.
531 2396 681 2450 Minucium
705 2395 826 2449 Basilum
850 2411 913 2447 cum

59 2472 166 2527 duabus
174 2473 327 2542 legionibus
336 2473 364 2526 in
377 2472 470 2527 Remis
480 2471 601 2541 collocat,
610 2488 645 2525 ne
655 2487 737 2539 quam
745 2471 782 2523 ab
790 2469 913 2524 finitimis

59 2549 211 2603 Bellovacis
228 2549 414 2603 calamitatem
432 2548 576 2617 accipiant.
612 2548 641 2602 O.
658 2546 812 2601 Antistium
831 2546 913 2614 Regi-

58 2641 123 2679 num
132 2625 160 2678 in
171 2625 372 2692 Ambivaretos,
382 2625 412 2678 Τ.
424 2624 550 2679 Sextium
562 2624 591 2677 in
603 2623 750 2690 Bituriges,
761 2622 789 2676 (l.
804 2622 913 2676 Canini-

57 2719 105 2756 um
120 2702 248 2757 Rebilum
262 2704 291 2758 in
307 2703 431 2758 Rutenos
447 2720 509 2757 cum
524 2700 638 2769 singulis
651 2699 802 2772 legionibus
815 2698 913 2754 mittit.

60 2778 90 2841 Q.
104 2778 220 2833 Tullium
237 2780 394 2834 Ciceronem
411 2782 440 2834 et
456 2780 486 2833 P.
499 2777 649 2848 Sulpicium
665 2774 798 2829 Cabilloni
811 2777 841 2828 et
855 2774 914 2827 Ma-

58 2854 165 2906 tiscone
182 2854 210 2907 in
237 2856 344 2909 Aeduis
368 2855 404 2908 ad
423 2855 536 2909 Ararim
560 2854 601 2906 rei
619 2851 814 2905 frumentariae
832 2866 914 2904 causa

59 2925 179 2979 collocat.
216 2928 281 2996 Ipse
293 2930 424 2984 Bibracte
438 2929 559 2983 hiemare
572 2927 722 2983 constituit.
758 2926 812 2980 His
829 2925 913 2979 rebus

58 2997 160 3121 litgerits
177 3001 301 3055 Caesaris
318 3004 434 3069 cognitis
450 3003 555 3057 Romae
571 3003 678 3058 dierum
691 3018 730 3055 xx
749 3000 913 3071 supplicatio

59 3083 87 3118 m
108 3087 143 3121 rcr
157 3088 197 3123 ur.
