2175 3409
517 150 629 199 LIBER
645 150 684 198 11.
997 148 1026 194 43

228 233 273 285 31.
308 230 364 285 Ubi
387 246 453 285 vero
473 230 577 284 moveri
597 233 627 284 et
646 228 865 298 appropinquare
885 226 1028 281 moenibus

175 304 310 371 viderunt,
318 321 389 359 nova
397 309 481 375 atque
491 306 622 360 inusitata
634 306 723 374 speeie
734 305 862 359 commoti
873 305 979 372 legatos
990 304 1028 357 ad

176 381 320 435 Caesarem
334 382 369 435 de
381 398 449 450 paee
459 382 601 448 miserunt,
613 383 660 450 qui
675 381 794 436 adhunc
806 381 917 434 modum
929 380 1027 436 locuti:

175 456 202 508 N
204 474 238 510 on
250 457 408 511 existimare
420 458 558 525 Romanos
570 459 629 512 sine
643 475 695 527 ope
706 458 798 512 divina
809 458 911 512 bellurn
922 475 1026 527 gerere,

174 533 221 601 qui
234 537 327 588 ιιιιιιι
339 534 492 589 altitudinis
503 535 716 588 machinationes
728 538 806 588 tanta
817 535 959 589 celeritate
968 553 1027 605 pro-

63 671 74 687 x
174 625 284 663 movere
293 610 335 679 [et
346 627 381 664 ex
393 611 600 680 propinquitate
611 614 745 684 pugnare]
754 615 874 680 possent,
883 628 913 665 se
925 628 1027 680 suaque

175 686 264 739 omnia
276 703 370 741 eorum
382 689 514 755 potestati
525 690 687 758 permittere
699 689 835 742 dixenmt.
873 688 965 742 Unum
980 704 1027 756 pc·

174 763 236 815 tere
248 778 280 817 ae
292 763 446 832 deprecari:
465 764 489 818 si
501 765 573 818 ferte
584 782 635 833 pro
646 782 696 819 sua
707 765 851 819 clementia
862 781 895 820 ac
903 781 1027 817 mansne-

174 837 270 891 tudine
270 856 369 907 ‚quam
382 840 434 908 ipsi
426 839 481 894 ab
494 840 554 894 aliis
567 840 700 908 audirent,
712 840 853 895 statuisset
866 840 1026 894 Aduatucos

175 928 236 967 esse
248 880 454 984 ednservandos,
465 932 502 970 ne
514 933 544 970 se
555 916 638 971 armis
650 916 822 985 despoliaret
859 917 917 969 Sibi
932 932 1026 970 omnes

76 1011 82 1026 ι
174 988 233 1048 fera
252 990 320 1045 finit
300 995 380 1045 timos
400 1008 459 1046 esse
478 992 601 1046 inimicos
620 1008 651 1045 ac
670 1009 735 1046 snae
753 993 848 1046 virtuti
827 992 996 1056 tirnidere,
1010 1009 1027 1045 a

174 1066 274 1133 quibus
295 1084 325 1121 se
344 1068 493 1122 defendere
512 1069 623 1123 traditis
641 1069 723 1122 armis
741 1085 795 1122 nen
813 1072 931 1136 possent
913 1068 1026 1121 tSibi

173 1146 322 1209 praestare,
335 1144 357 1197 si
374 1144 402 1197 in
419 1161 481 1198 eum
500 1160 592 1198 casum
612 1145 821 1209 deducerentur,
833 1144 957 1211 quamvis
971 1142 1026 1204 iorf

173 1219 268 1274 tiniam
279 1235 296 1271 a
307 1220 406 1288 populo
419 1221 602 1275 Romanot
555 1225 602 1288 pat
603 1221 612 1273 i
625 1237 706 1288 quam
718 1220 755 1274 ab
766 1219 808 1272 his
817 1235 867 1288 per
876 1219 1025 1278 eruciattun

173 1291 290 1364 interdici
303 1295 375 1349 inter
387 1312 455 1364 quos
468 1296 602 1349 dominari
615 1299 797 1350 consuessent

225 1376 265 1424 32.
302 1372 350 1424 Ad
370 1371 437 1426 haec
457 1372 558 1426 Caesar
576 1361 732 1441 respondit:
758 1373 793 1425 Se
810 1374 898 1439 magis
915 1388 1025 1426 consue

173 1445 269 1499 tudine
282 1464 331 1501 sua
342 1445 426 1515 quam
437 1448 536 1502 merito
545 1465 640 1502 eorum
649 1449 788 1502 civitatem
797 1454 1025 1515 comessatorum

174 1521 197 1574 si
208 1522 285 1590 prius
297 1540 378 1591 quarn
391 1540 499 1576 murum
508 1524 579 1578 aries
588 1525 727 1593 attigisset
736 1540 766 1578 se
775 1524 961 1589 dedidissent3
975 1491 1025 1578 sed

173 1596 321 1651 deditionis
338 1599 440 1652 nullam
458 1616 519 1653 esse
533 1601 716 1654 conditionem
735 1601 787 1654 nisi
805 1601 889 1654 armis
908 1600 1024 1666 traditis.

174 1673 210 1726 Se
223 1673 259 1725 vid
282 1675 357 1743 qued
377 1675 405 1728 in
426 1675 536 1730 Nerviis
557 1677 667 1731 iecisset
689 1676 825 1730 facturum
849 1676 1024 1745 finitimisque

172 1748 377 1817 imperaturum,
383 1767 419 1803 ne
429 1767 509 1819 quam
520 1751 655 1806 dedititiis
664 1753 756 1822 pepuli
769 1752 885 1806 Romani
897 1753 1023 1821 injuriam

76 1866 80 1870 .
172 1823 315 1880 inferrent.
350 1825 393 1880 lte
408 1826 534 1880 nuntiata
550 1827 586 1880 ad
602 1844 672 1894 suos,
685 1845 756 1897 quae
771 1828 972 1895 imperarentur
985 1828 1023 1881 fa

172 1916 234 1954 cere
253 1901 388 1956 dixerunt.
426 1904 574 1956 Armorum
590 1920 689 1971 magua
704 1903 880 1957 multitudine
896 1904 931 1957 de
947 1921 1024 1956 muro

172 1976 202 2028 in
218 1977 318 2030 fossam
336 1994 406 2045 quae
424 1983 484 2031 crat
502 1983 567 2032 aute
587 1979 718 2047 oppidum
731 1979 808 2047 jacta
829 1980 867 2033 sic
887 1984 919 2034 ut
939 1997 1024 2047 prope

79 2041 306 2148 uri->summani
321 2053 392 2105 muri
402 2044 571 2183 taggerisque
586 2055 759 2109 altitudinem
779 2056 868 2109 acerui
888 2071 1024 2108 armorum

85 2115 366 2202 ,(ωιιιιιᾳιιιιιιιι
385 2133 414 2183 ιι
433 2133 525 2184 tamen
544 2131 652 2185 circiter
671 2136 750 2200 parte
769 2131 860 2196 tertia,
878 2136 910 2184 nt
928 2135 1025 2260 postea

171 2208 345 2271 perspectum
363 2208 413 2272 est,
431 2205 519 2260 celata
536 2207 665 2275 atquem
683 2207 783 2275 oppido
804 2211 920 2274 retenta,
938 2208 1025 2273 portis

171 2279 315 2347 patei-actis
327 2297 360 2334 eo
371 2281 416 2335 die
427 2298 494 2350 pace
506 2288 570 2337 sunt
582 2284 630 2336 usi.

224 2361 265 2409 33.
302 2356 359 2411 Sub
377 2374 521 2425 vesperum
539 2359 640 2413 Caesar
655 2362 748 2427 portas
764 2358 853 2413 claudi
870 2360 1024 2427 militesque

172 2447 207 2484 ex
223 2431 324 2499 oppido
338 2433 414 2487 exire
428 2433 513 2502 jussit
527 2452 562 2488 nc
577 2452 659 2503 quam
674 2439 756 2489 noctu
768 2435 896 2502 oppidani
909 2434 943 2487 ab
956 2435 1025 2488 urili-

172 2505 246 2559 tibus
258 2507 385 2574 injuriam
398 2510 559 2577 acciperent.
596 2510 642 2564 Illi
654 2513 719 2563 aute
730 2510 805 2578 inito,
814 2515 847 2563 nt
855 2510 1024 2564 intellectum

171 2586 223 2650 est,
235 2584 353 2650 consilio,
368 2584 443 2653 quod
460 2584 599 2640 deditione
615 2586 689 2639 laeta
704 2590 811 2639 nostros
824 2586 962 2656 praesidia
978 2587 1025 2641 de-

171 2657 302 2713 ducturos
321 2664 369 2714 aut
387 2660 505 2730 denique
522 2661 709 2730 indiligentius
727 2666 883 2717 servaturos
901 2662 1024 2717 credide-

171 2738 241 2800 rant,
260 2738 361 2804 partim
384 2754 444 2790 eum
470 2738 512 2791 his
536 2755 608 2807 qnae
628 2738 800 2793 retinuerant
821 2742 849 2792 et
869 2740 1026 2793 celaverant

171 2811 262 2879 armis,
285 2813 388 2880 partini
412 2815 496 2867 sentis
520 2831 553 2867 ex
578 2816 679 2868 cortice
702 2816 781 2869 iactis
806 2820 855 2870 aut
880 2813 1026 2868 viminibus

171 2885 292 2955 intextis,
306 2905 377 2957 qnae
396 2889 493 2954 subito,
510 2892 541 2943 ιιι
560 2891 691 2958 temporis
710 2892 845 2960 exiguitas
861 2890 1025 2959 postulabat,

171 2963 289 3031 pellibus
301 2964 472 3032 induxerant,
483 2969 567 3023 tertia
580 2967 678 3034 vigilia,
688 2984 742 3035 qua
753 2969 864 3020 minime
876 2966 979 3019 arduus
989 2966 1025 3017 ad

171 3044 279 3092 nostras
297 3041 461 3095 munitiones
479 3058 607 3096 aseensus
625 3042 778 3108 videbatur,
799 3042 923 3093 omnibns
942 3041 1025 3107 copiis

171 3116 314 3183 repentino
327 3133 361 3170 cx
374 3117 474 3186 oppido
487 3118 659 3186 eruptionem
674 3118 803 3169 fecerunt.
840 3115 979 3179 Celeriter,
992 3117 1024 3164 ut

173 3195 238 3245 ante
259 3191 360 3246 Caesar
380 3191 535 3260 imperarat,
554 3192 663 3259 ignibus
684 3190 878 3257 significatione
898 3188 970 3239 faeta
989 3200 1023 3235 ex
