2175 3409
77 106 108 153 ‘28
331 102 360 150 (3.
377 100 479 151 JULII
497 99 672 158 eAnsArns

76 188 172 239 rerunt
184 187 215 238 nt
228 184 346 252 spatium
355 182 410 250 pila
421 182 449 235 in
462 183 555 235 hostes
567 179 729 249 conjiciendi
740 196 795 234 nen
807 179 924 235 daretur

77 260 199 328 Rejeetis
210 259 272 327 pilis
284 259 432 312 comminus
444 257 541 325 gladiis
553 260 703 325 pugnatum
718 259 767 310 est.
805 258 845 311 At
862 256 928 310 Ger·

76 336 149 390 mani
178 336 303 390 celeriter
330 351 364 388 ex
392 333 585 403 consuetudine
614 349 662 385 sna
691 332 826 402 phalange
856 333 928 387 saeta

76 413 195 481 impetus
206 411 358 479 gladionrm
371 412 543 479 exceperunt.
580 408 695 477 Reperti
704 411 767 461 sunt
776 408 928 477 complures

76 489 163 542 nostri
176 487 276 541 milites
288 486 335 553 qui
347 487 375 539 in
390 485 539 555 phalangas
553 485 689 538 insilirent
706 487 735 537 et
751 486 828 538 senta
844 481 928 537 mani-

75 563 128 616 bus
140 562 303 616 revellerent
315 564 343 615 et
355 561 473 631 desuper
485 561 666 614 vulnerarent.
703 560 792 625 Quum
808 559 927 614 hostium

76 640 148 693 acies
171 655 188 691 a
211 638 320 692 sinistro
344 655 427 692 eornu
444 638 523 706 pulsa
540 642 624 706 atque
641 637 670 690 in
687 638 781 704 fugam
799 652 928 690 conversa

77 718 157 781 esset,
175 731 192 767 a
210 714 307 769 dextro
325 730 408 767 eornu
425 713 601 767 vehementer
619 712 795 767 multitudine
818 727 928 765 suorum

76 793 197 844 nostram
220 790 305 843 aciem
329 789 497 858 premebant.
535 789 571 842 Id
588 805 672 856 quum
690 786 929 841 animadvertisset

78 866 108 919 P.
120 866 234 920 Crassus
246 865 411 934 adolescens,
424 865 472 933 qui
489 864 624 934 equitatui
640 866 776 934 praeerat,
792 861 866 930 qued
882 878 928 915 ex·

76 929 200 1010 peditiei‘
207 945 268 995 erat
280 958 361 1010 quam
376 941 396 995 ii
413 941 460 1009 qui
476 941 550 994 inter
565 940 650 993 aciem
667 939 856 1004 versabantur,
872 939 929 990 ter-
953 949 978 974 ³¹
994 965 1008 972 η
1077 959 1083 984 ι

75 1017 144 1071 tiam
156 1018 241 1072 aciem
252 1016 439 1073 laborantibus
450 1017 553 1071 nostris
565 1015 687 1069 subsidio
699 1015 781 1069 misit.

129 1099 169 1148 53.
179 1093 221 1177 ,Ml
265 1092 398 1162 proelium
410 1092 571 1147 restitutum
581 1095 631 1159 est,
641 1095 726 1159 atque
734 1107 828 1146 omnes
836 1092 929 1147 hostes

76 1170 155 1237 terga
172 1161 265 1239 verte
301 1172 315 1223 t
332 1185 421 1237 neque
442 1169 519 1237 prius
537 1169 633 1236 lugere
657 1166 825 1221 destiterunt
846 1184 929 1236 quam

77 1244 114 1298 ad
132 1244 233 1299 flumen
254 1244 380 1300 Rhenum
401 1244 477 1312 milia
495 1241 624 1312 passuum
642 1260 677 1296 ex
695 1259 728 1296 eo
745 1243 803 1297 loeo
821 1243 930 1297 circiter

77 1320 199 1389 quinque
215 1323 406 1389 pervenerunt.
443 1319 487 1373 Ibi
506 1335 541 1388 pe
575 1319 635 1376 ,uei
650 1322 699 1373 aut
715 1318 819 1372 viribus
836 1318 929 1380 confisi

77 1398 187 1462 tranare
211 1395 420 1463 contenderunt,
444 1398 493 1449 ant
520 1395 551 1448 lr'
573 1385 649 1448 ribus
672 1393 789 1447 inventis
813 1393 864 1465 sibi
888 1409 930 1446 sa-

76 1470 163 1525 lutem
187 1474 390 1545 repperere&
414 1471 447 1524 In
470 1470 513 1525 his
536 1472 589 1524 fuit
611 1469 766 1523 Ariovistus
790 1470 838 1538 qui
855 1468 930 1522 navi-

77 1546 165 1599 culam
177 1546 325 1614 deligatam
338 1546 374 1599 ad
391 1546 478 1615 ripam
493 1550 590 1600 nactus
607 1562 641 1600 ea
656 1545 793 1614 profugit:
811 1541 930 1612 reliquos

13 1629 17 1633 '
78 1637 172 1676 omnes
192 1621 318 1691 equitatu
341 1622 481 1675 consecuti
502 1621 591 1675 nostri
611 1621 815 1680 interfecerunt.
838 1619 930 1674 ‘Duae

78 1697 189 1751 luerunt
202 1696 334 1751 Ariovisti
345 1713 452 1763 uxores,
464 1714 520 1750 una
532 1698 621 1751 Suara
632 1696 741 1750 natione
754 1711 837 1764 quarn
849 1695 931 1749 domo

78 1788 171 1826 seeum
196 1773 321 1840 duxerat,
345 1772 433 1826 altera
456 1772 565 1841 Norica,
585 1772 658 1840 regis
681 1771 823 1825 Vectionis
846 1787 930 1839 seror,

79 1864 161 1917 quam
178 1849 207 1902 in
224 1848 312 1902 Gallia
326 1848 444 1903 duxerat
461 1849 580 1902 airatre
598 1848 725 1902 missam:
750 1851 884 1915 utraeque
901 1846 931 1899 in

79 1940 112 1978 ea
135 1924 200 1992 iuga
223 1925 370 2000 perierunt.
407 1924 485 1978 Duae
507 1924 580 1977 filiae
603 1923 708 1991 harum,
728 1922 816 1975 altera
835 1922 929 1990 oecisa,

78 2000 167 2054 altera
183 2003 264 2068 capta
281 2002 332 2053 est.
369 1999 400 2054 (l.
423 1999 551 2054 Valerius
572 1997 711 2066 Procillus,
733 2014 817 2067 quum
837 2014 854 2050 a
872 2013 931 2050 eus·

79 2074 190 2130 todibus
213 2076 241 2128 in
263 2075 330 2144 luga
352 2074 434 2129 trinis
456 2076 562 2129 catenis
581 2075 688 2128 vinetus
711 2073 877 2138 traheretur,
901 2071 931 2124 in

78 2150 168 2219 ipsum
186 2150 331 2205 Gaesarem
348 2150 442 2205 hostes
458 2151 586 2220 equitatu
599 2152 811 2219 persequentem
826 2146 930 2202 incidit

80 2226 157 2292 Quae
180 2227 291 2296 quidem
315 2243 361 2281 res
389 2226 500 2281 Caesari
526 2243 581 2280 nen
606 2226 739 2279 minorem
762 2239 844 2292 quam
871 2223 931 2291 ipsa

79 2302 193 2357 victoria
210 2302 379 2371 voluptatem
400 2302 501 2370 attulit,
521 2302 596 2371 quod
615 2300 753 2354 hominem
773 2297 932 2352 honestissi-

79 2395 154 2433 mum
169 2379 322 2447 provinciae
337 2378 450 2445 Galliae,
469 2394 548 2432 suum
564 2376 726 2430 familiarem
741 2377 771 2429 et
785 2373 930 2443 hospitem,

80 2457 206 2524 ereptum
231 2471 246 2508 e
269 2453 396 2508 manibus
414 2454 535 2508 hostium
555 2452 607 2506 sibi
631 2451 791 2506 restitutum
811 2448 932 2517 videbat,

80 2546 170 2599 neque
182 2529 242 2598 ejus
253 2530 409 2585 calamitate
421 2530 457 2584 de
468 2532 547 2584 tanta
555 2528 697 2596 voluptate
709 2529 737 2582 et
748 2525 932 2595 gratulatione

81 2605 232 2675 quidquam
249 2605 358 2660 fortuna
375 2605 554 2660 deminuerat.
590 2605 667 2658 Isse
684 2605 830 2673 praesente
847 2600 884 2655 de
902 2616 932 2653 se

81 2683 125 2735 ter
153 2680 273 2735 sortibus
301 2680 454 2735 consultum
483 2679 600 2748 dicebat,
628 2682 721 2732 utrum
750 2677 808 2746 igni
838 2675 932 2730 'statim

80 2759 226 2811 necaretur
246 2772 281 2809 an
301 2756 329 2809 in
353 2756 427 2810 aliud
450 2760 560 2824 tempus
583 2756 787 2818 reservaretur;
817 2751 932 2805 sortium

81 2832 254 2886 beneficiosa
267 2846 327 2884 esse
340 2830 507 2885 ineolumem.
541 2831 613 2884 Item
626 2830 664 2883 M.
678 2829 795 2883 Mettius
806 2830 933 2895 repertus

82 2909 111 2960 et
123 2907 159 2960 ad
172 2923 234 2960 eum
246 2905 377 2960 reduetus
389 2909 439 2960 est,

134 2987 175 3034 54.
213 2981 274 3033 Hoe
285 2981 387 3048 proelio
399 2985 476 3036 trans
491 2981 618 3034 Rhenum
637 2980 770 3047 nuntiato,
783 2978 874 3045 suevi,
886 2977 933 3047 qm

83 3055 119 3109 ad
142 3056 216 3123 ripas
241 3054 331 3108 Rheni
350 3060 490 3123 venerant,
511 3056 622 3109 domum
646 3055 748 3109 reverti
769 3056 933 3122 coeperunt;
