2175 3409
456 130 566 177 LIBER
583 131 664 178 VIII.
942 133 987 181 167

128 209 218 263 -nibus
229 209 343 277 reniret,
354 208 452 263 offerre
464 225 494 263 sc
505 210 542 262 ad
554 208 747 278 dimicandum,
758 225 793 263 ne
804 208 945 263 miseriore
956 225 989 263 ac

136 285 247 339 duriore
255 288 352 354 postea
359 285 514 338 conditione
521 301 584 338 cuno
591 288 651 339 toto
659 287 781 340 exercitu
790 284 934 339 decertare
947 302 990 339 eo

135 366 281 428 gerentur:
299 361 321 414 si
334 360 452 429 majores
467 362 558 429 copias
567 360 725 427 adduceret,
735 362 764 415 in
773 361 873 414 eclocc
881 377 990 430 perma-

135 436 482 506 nerequcmdelegisscnt3
500 436 675 506 pabulatione
683 441 784 504 autem,
793 452 863 508 quae
872 440 988 507 propter

136 513 199 566 anni
207 516 316 583 tempus
324 530 407 582 quum
415 514 513 580 exigua
519 515 580 566 turn
587 512 704 580 disJecta
711 517 793 579 esset,
800 516 829 566 et
838 513 988 566 frumenta-

136 590 211 644 tione
219 593 248 643 et
256 590 361 657 reliquo
370 590 524 643 commeatu
532 606 567 643 ex
576 588 682 643 insidiis
691 588 837 659 prohibere
845 588 988 642 Romanos.

188 672 212 720 8.
247 666 323 730 Quae
334 666 435 720 Caesar
445 665 677 720 consentientibus
690 665 813 735 pluribus
830 667 912 734 quum
922 673 991 733 'eog-

135 742 264 808 norisset,
284 745 368 809 atquc
391 757 425 795 ea
451 757 523 809 quae
548 745 765 810 proponerentur
781 741 891 794 consilia
909 740 991 810 plena

136 815 300 886 prudentiae
306 818 465 886 longequea
475 818 629 871 temeritate
638 816 816 870 barbaromm
822 821 991 871 remotacsse

132 892 279 961 judicaret,
291 893 416 946 omnibus
428 892 512 945 rebus
523 893 725 946 inserviendum
738 892 843 960 statuit,
855 908 909 960 quo
921 892 991 946 cele-

136 968 195 1021 rius
218 969 305 1022 hostis
328 971 486 1037 contempta
509 984 621 1022 suorum
647 968 787 1037 paucitate
813 969 937 1036 prodiret
962 968 990 1021 in

136 1045 236 1099 aciem:
254 1044 397 1111 singularis
408 1044 481 1098 enim
497 1045 610 1098 virtutis
625 1044 787 1098 veterrimas
802 1044 924 1112 legiones
941 1059 991 1110 vn,

50 1117 53 1122 '
128 1119 424 1187 et⁷111,v1111habebat;
442 1136 564 1174 summae
576 1121 635 1189 spei
647 1105 827 1186 delectaeque
836 1119 991 1185 juventutis

137 1210 176 1264 xr,
188 1212 259 1264 quae
272 1199 368 1250 octavo
380 1197 440 1265 Jam
449 1196 588 1266 stipendio
596 1194 712 1325 limem]
722 1200 814 1250 tamen
825 1194 876 1265 [in]
888 1196 991 1249 collati-

137 1287 190 1325 one
199 1271 364 1340 reliquarum
375 1272 496 1326 nondum
508 1273 596 1326 cande
634 1272 780 1326 vetustatis
787 1288 819 1326 ae
829 1273 939 1326 virtutis
948 1288 991 1326 oe

137 1352 217 1416 perat
229 1346 389 1416 opinionem.
407 1348 507 1417 Itaque
519 1348 632 1402 consilio
643 1348 783 1415 advocato,
791 1348 874 1402 rebus
880 1349 914 1401 iis
921 1365 991 1416 quae

136 1423 173 1476 ad
186 1439 215 1477 se
227 1428 319 1478 essent
331 1424 439 1478 delatae
455 1424 586 1478 omnibus·
595 1424 736 1493 expositis,
748 1425 852 1479 animos
867 1424 990 1478 multitu-

137 1498 208 1574 dinis
220 1500 381 1556 confirmat..
405 1499 518 1554 Siiorte
530 1500 625 1553 hostes
637 1500 721 1554 trium
730 1500 867 1568 legionum
876 1517 991 1554 numero

136 1578 230 1644 posset
242 1574 340 1629 elicere
352 1574 388 1629 ad
400 1575 592 1641 dimicandum,
603 1575 719 1643 agminis
732 1576 857 1630 ordinem
874 1575 914 1629 ita
930 1593 991 1629 con-

137 1651 228 1704 stituit
243 1654 275 1705 ut
290 1652 362 1719 legio
378 1665 428 1718 v11,
444 1665 505 1717 vm,
520 1665 586 1703 vnn
602 1655 666 1705 ante
682 1651 773 1704 omnia
787 1652 862 1706 irent
875 1652 991 1721 impedi-

136 1730 245 1792 menta3
262 1727 362 1781 deinde
381 1726 501 1780 omnium
519 1726 778 1797 impedimentorum
796 1744 903 1796 agmen,
916 1727 990 1796 quod

136 1806 231 1856 tamen
242 1805 303 1856 erat
319 1802 464 1869 mediocre,
479 1804 512 1855 ut
527 1801 556 1854 in
570 1802 790 1870 expeditionibus
803 1819 865 1857 esse
880 1820 991 1857 eonsue-

136 1878 185 1945 vit,
202 1881 313 1946 cogeret
334 1877 487 1945 undecima,
502 1894 537 1931 ne
557 1878 669 1945 majoris
685 1878 868 1933 multitudinis
887 1880 992 1947 specics

136 1954 262 2008 accidere
271 1953 395 2007 hostibus
403 1956 497 2022 posset
508 1970 590 2022 quarn
602 1955 653 2023 ipsi
665 1954 893 2023 depoposcissent.
930 1955 991 2008 Hac

135 2030 243 2083 ratione
256 2046 344 2098 paene
358 2029 493 2098 quadrato
506 2030 615 2097 agmine
629 2030 763 2084 instructo
777 2030 806 2083 in
817 2033 991 2098 conspectum

130 2106 255 2159 ,hostium
266 2106 381 2159 celerius
393 2105 625 2174 opinioneecrum
638 2107 790 2160 exereitum
802 2105 922 2160 adducit.

190 2187 212 2235 9.
244 2181 333 2247 Quum
345 2185 460 2250 repente
471 2182 619 2236 instructas
631 2181 706 2235 velut
718 2181 813 2235 in'acie
820 2185 896 2235 certo
903 2182 993 2248 gradu

136 2257 258 2325 legiones
270 2256 403 2311 accedere
413 2256 485 2312 Galli
497 2257 633 2324 viderent,
646 2273 763 2326 quorum
778 2259 858 2310 erant
874 2257 910 2310 ad
927 2258 993 2311 Cae

136 2348 225 2386 sarem
235 2334 317 2401 plena
325 2333 441 2387 fiduciae
448 2332 561 2387 consilia
569 2333 685 2401 perlata,
691 2333 747 2386 sive
757 2333 913 2386 certammis
922 2336 993 2402 peri-

136 2408 559 2476 culo,sivesubitoadventu,seu
568 2409 773 2477 exspectatione
783 2408 871 2463 nostri
881 2410 993 2481 consilii,
1019 2459 1026 2474 ,

135 2484 228 2553 copias
239 2485 379 2541 instruunt
391 2501 441 2553 pro
453 2485 551 2539 castris
563 2500 613 2538 nee
625 2484 684 2538 loco
695 2485 835 2554 superiore
846 2485 992 2541 decedunt.

136 2561 239 2615 Cacsar
250 2560 303 2615 etsi
316 2561 446 2616 dimicare
458 2564 609 2629 optaverat,
619 2564 714 2614 tamen
723 2557 993 2615 admiratustantam

135 2636 342 2691 multitudinem
354 2637 472 2690 hostium
485 2636 556 2690 valle
567 2636 725 2690 intermissa
736 2638 824 2705 magis
832 2638 860 2691 in
870 2638 994 2692 altitudi-

135 2727 199 2766 nem
214 2712 443 2782 depressa'quam
459 2712 515 2767 late
528 2715 642 2782 patente
656 2716 747 2767 eastra
762 2714 860 2768 eastris
875 2715 994 2769 hostium

135 2789 250 2842 confert.
286 2790 363 2843 Haec
374 2790 493 2858 imperat
504 2789 576 2843 vallo
588 2789 690 2859 pedum
700 2805 743 2844 x11
749 2790 857 2858 muniri,
865 2791 995 2862 [coronis-

136 2862 202 2933 que]
209 2864 350 2919 loriculam
367 2881 418 2934 pro
435 2866 542 2919 ratione
560 2864 620 2932 ejus
637 2865 795 2920 altitudinis
812 2867 994 2930 inaedificari3

135 2941 236 2995 fossam
244 2941 382 3010 duplicem
390 2941 492 3011 pedum
503 2941 615 3010 quinum
625 2941 726 2996 denum
735 2941 869 2996 lateribus
880 2942 995 2996 directis

136 3017 268 3087 deprimi;
288 3024 380 3072 turres
401 3017 511 3072 crebras
528 3019 644 3072 excitari
660 3019 689 3070 in
713 3018 887 3071 altitudinem
908 3019 995 3070 trium

135 3094 331 3160 tabulatorum,
341 3094 470 3163 pontibus
478 3093 635 3162 transjectis
643 3093 843 3162 constratisque
858 3092 993 3158 conjungi,

133 3186 254 3240 quorum
267 3170 373 3224 frontes
384 3170 501 3225 viminea
513 3168 627 3223 loricula
640 3168 821 3234 munirentur,
832 3170 866 3219 ut
878 3165 966 3219 bostis
978 3181 996 3216 a
