2175 3409
1077 1 1079 74 i

508 141 618 194 LIBER
641 145 691 195 1v.
997 146 1029 189 iia

28 287 34 300 ‚
174 230 348 296 intulisseut3
363 228 523 296 exspectare
540 241 605 280 vero
620 224 687 279 dum
703 224 823 280 hostiurn
839 226 933 296 copiae
947 243 1029 296 arrre-

173 311 271 361 rentur
294 306 489 375 equitatusque
511 297 706 367 reverteretur,
729 317 851 356 summae
873 302 1029 360 dementiae

172 399 233 437 csse
241 381 393 451 judicabat,
405 381 435 432 et
445 378 555 446 cognita
566 377 706 431 Gallorum
717 378 884 447 infirmitate,
895 386 1029 448 quantum

166 458 229 536 jam
240 459 315 527 apud
322 473 374 511 eos
384 454 478 507 hostes
489 469 543 507 uno
554 453 658 523 proelio
675 455 846 509 auctoritatis
857 459 954 522 ,essent
968 473 1029 510 cou-

172 535 259 588 secuti
272 532 424 597 seutiebat;
445 529 544 599 quibus
555 529 592 582 ad
604 530 714 584 consilia
725 531 858 599 eapienda
868 531 935 585 nihil
947 534 1028 601 spatii

172 608 293 662 dandum
313 606 494 663 existimabat.
562 605 584 659 is
603 606 758 660 constitutis
773 605 857 661 rebus
872 610 903 661 et
918 609 1028 663 consilio

172 701 235 738 cum
252 684 352 753 legatis
369 686 399 754 et
416 698 501 751 quaes
531 697 562 735 re
582 681 780 748 communicato
800 699 835 737 ne
855 700 937 752 quem
954 684 1028 739 diem

172 756 279 830 puginae
311 758 555 831 praetermitteret,
586 759 815 826 opportunissima
844 775 889 813 res
919 761 1027 826 accidit,

171 837 246 904 quod
266 837 400 906 postridie
424 835 485 903 ejus
508 834 564 888 diei
587 850 667 888 mane
686 834 784 889 eadem
806 836 837 890 et
860 837 976 904 perfidia
998 842 1028 892 et

172 912 345 968 simulatione
356 912 398 966 usi
412 911 541 966 Germani
553 910 711 980 frequentes
722 911 846 965 omnibus
861 913 1028 982 principibus

172 987 376 1057 majoribusque
387 991 453 1041 natu
465 986 598 1041 adhibitis
608 987 646 1041 ad
656 1003 719 1041 eum
735 986 764 1040 in
779 990 871 1042 castra
885 993 1028 1054 venerumt,

129 1077 137 1089 ⁶
172 1063 260 1129 simul,
282 1067 314 1118 ut
332 1063 496 1130 dicebatur,
501 1063 543 1134 sui
567 1063 702 1151 purgandi
722 1079 812 1131 eausa,
836 1064 912 1133 qued
933 1068 1028 1119 eontra

171 1105 349 1206 atqudesmt
370 1140 474 1193 dictrrm
498 1140 560 1193 et
551 1138 604 1207 ipsi
626 1139 762 1208 petissent
784 1140 916 1208 proelium
939 1140 1028 1209 pudic

171 1215 378 1281 commisissent,
388 1215 468 1269 simul
480 1201 519 1282 ut,
535 1215 559 1268 si
575 1215 644 1284 quid
659 1219 778 1284 possent,
795 1215 831 1270 dc
846 1216 963 1270 induciis
978 1216 1028 1270 sal-

171 1289 252 1344 lendo
276 1291 464 1360 impetrarent.
500 1290 575 1355 Quos
598 1290 651 1345 sibi
674 1290 776 1346 Caesar
797 1291 902 1345 oblatos
918 1291 1028 1360 gavisus

170 1365 233 1420 illos
253 1368 367 1422 retineri
383 1367 487 1442 jussit:
511 1367 571 1435 ipse
590 1383 685 1422 omnes
706 1367 798 1436 copias
816 1367 914 1420 eastris
931 1366 1028 1422 eduxit

170 1443 386 1512 equitatumque,
397 1439 473 1513 quod
484 1443 589 1497 recenti
600 1443 704 1510 proelio
716 1442 894 1512 perterritum
906 1458 965 1496 esse
980 1459 1028 1498 ex·

170 1518 311 1574 istimabat
311 1535 430 1589 ‚agnreu
442 1518 572 1586 subsequi
580 1517 673 1586 jussit

226 1601 265 1649 14
302 1596 371 1650 Acie
384 1594 485 1664 triplici
508 1593 636 1648 instituta
654 1596 684 1648 et
701 1594 828 1650 celeriter
844 1597 906 1649 ceto
923 1595 1026 1650 milium

170 1667 269 1724 itinere
281 1671 412 1736 confecto,
424 1670 501 1741 prius
512 1670 550 1724 ad
561 1669 681 1724 hostium
697 1674 788 1725 eastra
803 1670 928 1740 pervenit
944 1688 1025 1739 quam

171 1746 238 1813 quid
259 1750 387 1814 ageretur
409 1746 539 1801 Germani
558 1747 661 1801 sentire
678 1750 797 1815 possent.
833 1746 886 1811 Qui
903 1747 1028 1810 omnibus

170 1821 253 1875 rebus
270 1822 361 1876 subito
379 1823 520 1892 perterriti
539 1828 571 1877 et
587 1823 728 1876 eeleritate
746 1822 880 1877 adventus
895 1823 982 1876 nostri
998 1826 1028 1875 et

2 1896 3 1935 l
171 1896 293 1951 discessu
317 1915 435 1967 suorum,
454 1916 543 1967 neque
568 1899 674 1953 consilii
695 1898 815 1953 habendi
838 1915 928 1968 neque
952 1915 1028 1956 arnna

88 1991 103 2026 a
169 1973 296 2046 capiendi
321 1976 410 2044 spatio
434 1975 509 2042 dato,
526 1975 732 2044 perturbantur
748 1975 874 2043 copiasne
897 1974 1028 2028 adversus

172 2049 278 2103 hostem
304 2050 409 2117 ducere,
435 2068 470 2104 an
491 2054 582 2105 eastra
598 2051 754 2118 defendere,
771 2068 806 2104 an
823 2051 888 2119 fuga
912 2050 1027 2105 salutem

171 2128 266 2194 petere
277 2130 437 2195 praestaret.
475 2127 596 2192 Quorum
608 2128 691 2182 timor
703 2143 788 2195 quum
799 2127 912 2180 fremitu
924 2132 953 2181 et
966 2143 1028 2180 eon·

61 2219 71 2277 j
170 2216 254 2255 cursu
271 2202 478 2273 sigmiiearetur,
494 2204 594 2259 milites
611 2203 698 2258 nostri
715 2203 823 2273 pristini
841 2202 896 2256 diei
914 2202 1028 2271 perfidia

171 2276 278 2331 incitati
298 2279 327 2331 in
345 2282 437 2333 eastra
461 2280 627 2349 irruperunt
664 2280 724 2345 Quo
748 2279 807 2333 loeo
831 2279 878 2348 qui
902 2278 1028 2333 celeriter

172 2368 250 2406 arma
260 2370 358 2424 capere
374 2359 524 2424 potuerunt
539 2357 677 2426 paulisper
692 2357 793 2411 nostris
810 2355 972 2410 restiterunt
987 2359 1028 2408 at-

172 2444 227 2497 que
236 2429 308 2484 inter
316 2445 408 2485 carros
416 2432 670 2503 impedimentaque
678 2433 810 2503 proelium
822 2432 1029 2492 commiserunt;

172 2508 202 2559 at
218 2506 324 2576 reliqua
340 2508 488 2563 multitudo
505 2526 652 2579 puerorum
668 2509 876 2578 mulierumque,
887 2525 951 2561 nam
966 2524 1028 2561 curu

172 2581 298 2635 omnibus
310 2583 366 2637 suis
379 2584 459 2639 domo
472 2589 646 2640 excesserant
658 2585 840 2653 Rhenumque
854 2584 1027 2647 transierant,

89 2656 91 2661 ’
172 2657 274 2726 passim
296 2658 392 2727 fugere
414 2660 521 2728 coepit;
545 2662 583 2716 ad
606 2676 675 2731 quos
703 2659 898 2715 consectandos
929 2659 1029 2715 Caesar

172 2733 326 2801 equitatum
339 2735 419 2789 misit.

227 2815 266 2864 15.
304 2811 433 2866 Germani
444 2816 506 2881 post
515 2816 624 2881 tergum
631 2812 749 2871 elamore
756 2812 858 2882 audito,
866 2829 951 2881 quum
965 2826 1029 2866 suos

172 2884 291 2940 interfici
308 2887 444 2954 riderent,
462 2889 546 2943 armis
564 2889 681 2957 abJeetis
705 2889 843 2957 signisque
866 2885 1030 2941 militaribus

11 2959 12 2978 ³
57 2989 118 3012 ina.
173 2961 276 3016 relictis
288 2979 318 3016 se
330 2979 364 3017 ex
377 2965 474 3018 castris
486 2963 635 3032 ejecerunt,
652 2969 682 3019 et
698 2981 781 3033 quum
798 2963 835 3017 ad
851 2962 1033 3016 confluentem

175 3037 270 3092 Mosae
288 3041 318 3091 et
336 3038 424 3093 Rheni
450 3040 645 3109 pervenissent,
663 3040 769 3107 reliqua
785 3041 852 3106 fuga
875 3037 1030 3105 desperata,

175 3128 273 3181 magno
296 3130 411 3168 numero
431 3115 583 3181 interiecto,
603 3116 699 3184 reliqui
717 3132 747 3170 se
764 3116 792 3167 in
810 3115 911 3167 hurrreu
929 3110 1030 3180 praeei-

173 3188 331 3257 pitarerunt
342 3194 427 3259 atque
442 3190 481 3245 ibi
497 3190 605 3259 timore,
620 3190 790 3257 lassitudine,
806 3189 833 3243 vi
848 3186 967 3241 fluminis
983 3199 1030 3250 op
