2175 3409
531 97 644 147 LIBER
662 96 713 147 VI.
994 102 1041 149 109

195 202 200 207 ·
244 181 286 237 17.
320 177 410 233 Deum
421 179 539 233 maxime
551 178 721 234 Mercurium
734 178 834 234 colunt.
860 176 963 247 ‘Huius
977 183 1042 236 sunt

189 254 308 323 plurima
330 255 488 320 simulacra3
512 255 585 321 bunc
608 255 728 308 omnium
748 255 920 309 inventorem
940 257 1041 311 artium

188 332 287 398 ferunt,
307 330 380 384 bunc
402 333 507 385 riarum
532 334 617 400 atque
638 330 768 384 itinerum
788 330 894 397 ducem,
913 331 986 386 hunc
1005 334 1041 387 ad

189 409 319 475 quaestus
336 407 467 476 pecuniae
479 411 702 473 mercaturasque
714 403 820 480 habere,
828 405 884 464 vim
894 407 1041 461 maximam

188 482 365 537 arbitrantur.
402 481 469 536 Post
481 482 554 535 hunc
566 481 720 551 Apollinem
727 485 761 535 et
770 478 892 536 Martem
903 485 933 536 et
941 482 961 536 J
962 499 1040 550 orem

188 560 218 612 et
230 557 388 611 Minervam.
418 556 460 611 De
471 557 514 611 his
523 550 705 612 eandem'sere
713 574 795 626 quam
803 556 925 625 reliquae
933 561 1041 625 gentem

189 632 291 686 habent
303 632 471 701 opinionem3
487 633 643 701 Apollinem
655 633 765 687 morbos
778 632 925 701 depellere,
939 633 1041 688 Miner·

189 723 251 761 vam
274 724 387 776 operum
408 711 493 776 atque
515 708 692 762 artificiorum
709 709 788 764 initia
804 709 923 779 tradere,
941 709 1039 764 Jovenr

188 783 333 852 imperium
363 783 520 839 coelestium
554 787 657 850 tenere,
681 784 801 839 Martem
832 785 905 839 bella
935 801 1040 854 regere.

190 859 269 925 Huic,
291 876 375 928 quum
398 859 501 928 proelio
525 859 655 913 dimicare
681 860 889 927 constituerunt,
909 877 942 914 ea
967 877 1039 929 quae

188 934 259 989 bello
270 935 393 1004 ceperint
401 935 565 1004 plerumque
574 933 716 990 devovent
755 936 831 1001 Quae
840 936 1039 1004 superaverint,
1050 948 1053 954 ·

188 1010 314 1064 animalia
329 1014 410 1080 apta
425 1010 583 1076 immolant;
600 1009 721 1080 reliquas
737 1028 782 1066 res
798 1012 826 1064 in
845 1027 930 1065 unum
949 1011 1038 1065 locum

188 1086 337 1140 conferunt.
373 1086 469 1139 Multis
480 1087 509 1139 in
521 1086 678 1140 civitatibus
694 1086 791 1140 harum
808 1103 900 1139 rerum
916 1090 1038 1140 exstrue·

188 1163 233 1216 tos
256 1162 375 1215 tumulos
398 1162 465 1215 locis
490 1163 657 1216 consecratis
681 1162 830 1232 conspicari
853 1162 926 1230 licet,
949 1178 1038 1231 neque

188 1253 271 1306 saepe
287 1236 385 1290 accidit
401 1240 433 1289 ut
449 1237 576 1306 neglecta
592 1238 726 1307 quispiam
744 1237 874 1304 religione
891 1241 940 1291 aut
957 1241 1039 1307 capta

187 1311 262 1380 apud
277 1312 457 1366 seoccultare
473 1316 521 1366 aut
538 1313 630 1381 posita
648 1313 747 1367 tollere
763 1312 892 1378 auderet3
912 1314 1038 1380 gravissi·

186 1403 315 1456 mumque
328 1387 353 1441 ei
365 1388 406 1441 rei
419 1387 582 1456 supplicium
594 1404 656 1442 cum
664 1388 785 1441 cruciatu
794 1387 973 1441 constitutum
984 1390 1035 1442 est.

241 1468 278 1518 ra
318 1462 389 1517 Galli
402 1479 431 1516 se
443 1479 537 1516 omnes
549 1462 585 1516 ab
597 1463 663 1517 Dite
674 1467 754 1531 patre
768 1467 916 1532 prognatos
929 1463 1038 1531 praedi·

187 1540 258 1606 cant,
275 1538 360 1607 idque
383 1537 419 1592 ab
437 1538 588 1592 Druidibns
606 1539 746 1608 proditum
769 1538 871 1592 dicunt.
907 1537 951 1591 Ob
975 1554 1035 1593 eam

188 1630 296 1668 causam
309 1615 398 1683 spatia
415 1615 502 1668 omnis
519 1615 650 1683 temporis
666 1630 721 1668 non
734 1630 847 1668 numero
861 1613 970 1668 dierum
986 1613 1051 1674 sed„

187 1690 307 1744 noctium
329 1690 441 1755 finiunt;
459 1689 518 1744 dies
535 1690 640 1744 natales
657 1694 687 1744 et
704 1689 838 1745 mensium
856 1693 886 1745 et
902 1706 1035 1744 annorum

186 1765 266 1819 initia
283 1766 322 1819 sic
342 1765 488 1819 observant
511 1770 543 1820 ut
566 1770 673 1819 noctem
697 1765 757 1819 dies
774 1766 964 1834 subsequatur.
1000 1766 1035 1818 ln

162 1893 168 1900 ,
187 1840 299 1909 reliquis
319 1841 390 1895 vitas
411 1840 545 1895 institutis
564 1841 615 1896 hoc
633 1841 692 1895 sere
710 1839 746 1895 ab
764 1841 877 1910 reliquis
896 1841 1036 1909 differimt,

188 1916 262 1985 quod
285 1933 348 1970 suos
370 1916 478 1984 liberos,
502 1916 557 1971 nisi
583 1933 666 1985 quum
690 1917 868 1971 adoleverunt
886 1920 919 1971 ut
936 1933 1035 1971 munus

115 2038 119 2050 ,
187 1990 302 2046 militiae
312 1992 448 2046 sustinere
458 1993 572 2060 possint,
583 1992 673 2061 palam
685 1992 722 2046 ad
733 2009 763 2046 se
775 1993 852 2046 adire
863 2008 917 2045 non
928 1993 1032 2061 patiun-

187 2070 249 2133 tur;
271 2068 412 2136 filiumque
434 2068 534 2137 puerili
557 2072 649 2122 aetate
672 2068 701 2121 in
718 2067 827 2137 publico
844 2068 872 2121 in
889 2072 1035 2137 conspectu

186 2143 273 2212 patris
285 2144 420 2198 adsistere
431 2147 511 2213 turpe
523 2143 634 2197 ducunt.

241 2225 279 2274 19·
312 2219 374 2272 Viri
393 2223 509 2288 quantas
520 2219 649 2288 pecunias
658 2218 694 2272 ab
702 2218 832 2273 uxoribus
842 2218 916 2272 dotis
924 2218 1034 2273 nomine

186 2299 357 2362 acceperunt,
369 2298 462 2349 tantas
474 2311 508 2348 ex
520 2295 576 2349 suis
587 2295 666 2348 bonis
677 2295 868 2349 aestimatione
883 2293 957 2347 iacta
971 2310 1033 2348 cum

187 2369 299 2424 dotibus
310 2371 514 2425 communicant.
551 2370 643 2439 Hujus
655 2370 741 2424 omnis
755 2369 886 2439 pecuniae
907 2369 1033 2439 conjunc-

187 2447 239 2499 tim
262 2445 333 2500 ratio
352 2445 470 2501 habetur
486 2446 648 2515 furatusque
671 2449 827 2500 servantur:
851 2448 915 2499 uter
938 2462 1033 2500 eorum

1 2570 21 2592 =„
80 2547 96 2574 s
144 2560 149 2584 ,
187 2522 244 2575 rita
268 2522 411 2590 superarit,
429 2522 466 2576 ad
484 2509 553 2576 curri
570 2525 635 2592 pars
657 2521 801 2589 utriusque
818 2538 880 2574 cnm
900 2522 1034 2577 fructibus

1 2603 8 2638 l
19 2599 123 2642 baffi*
140 2589 185 2679 [θ’
188 2597 356 2665 superiorum
375 2601 529 2667 temporum
543 2598 676 2667 pervenit.
715 2595 776 2650 Viri
793 2598 821 2651 in
837 2614 936 2652 uxores
952 2597 1031 2651 sicut‘

28 2656 111 2736 'frti‘
187 2672 216 2725 iu
232 2671 423 2727 liberos-vitae
439 2674 567 2743 necisque
583 2673 687 2728 babent
703 2677 884 2742 potestatem
902 2678 931 2728 et
948 2690 1033 2743 quum

188 2748 399 2816 paterfamiliae
414 2750 562 2803 illustriore
579 2749 638 2804 loco
653 2753 734 2804 natus
752 2749 876 2819 decessit,
895 2749 954 2817 ejus
971 2764 1034 2819 pro-

187 2823 282 2893 pinqui
300 2824 470 2891 conveniunt,
486 2828 516 2878 et
533 2824 569 2878 de
586 2828 676 2879 morte
693 2825 715 2879 si
733 2842 779 2879 res
802 2825 830 2878 in
854 2825 1033 2893 suspicionem

188 2900 271 2966 venit,
295 2899 331 2953 de
353 2901 484 2954 uxoribus
507 2902 535 2954 in
560 2902 685 2956 servilem
708 2901 821 2954 modum
844 2901 1033 2968 quaestionem

188 2973 299 3042 habent,
316 2978 346 3028 et
362 2976 386 3028 si
403 2980 572 3045 compertum
590 2979 639 3044 est,
659 2977 716 3043 igni
734 2981 818 3044 atque
836 2976 960 3028 omnibus
978 2979 1034 3028 tor-

189 3049 289 3103 mentis
301 3051 469 3104 excruciatas
480 3052 656 3106 interficiunt.
693 3051 802 3104 Funera
814 3054 876 3105 sunt
893 3066 943 3117 pro
959 3048 1035 3101 cultu

190 3124 329 3179 Gallorum
341 3127 484 3193 magnifica
495 3129 525 3181 et
536 3131 710 3197 sumptuosa3
726 3126 869 3193 omniaque
885 3138 955 3191 quac
966 3121 1034 3177 viris

1016 3325 1087 3375 A
