2175 3409
478 124 592 174 LIBER
610 125 694 175 VIII.
956 126 1004 180 175

152 223 207 263 nou
228 207 347 262 multum
370 222 388 261 a
412 206 558 262 Germanis
581 206 734 275 differebat,
757 223 848 278 neque
869 207 1006 278 imperata

152 300 283 352 nmquam
294 283 348 337 nisi
359 283 484 338 exercitu
495 286 590 337 coacta
601 282 728 338 faciebat.

205 365 248 415 26.
284 359 401 414 Interim
423 358 453 412 O.
477 358 607 412 Caninius
630 359 745 427 legatus,
770 376 855 429 quum
877 376 1005 429 magnam

153 434 357 490 multitudinem
381 434 539 490 convenisse
561 433 681 489 hostium
704 435 733 488 in
761 436 831 489 fines
860 436 1005 490 Pictonum

151 512 254 567 litteris
265 511 425 579 nunciisque
437 510 547 564 Duratii
559 514 743 579 cognosceret,
763 512 810 581 qui
826 515 960 582 perpetuo
975 513 1005 566 in

153 588 273 643 amicitia
284 588 471 641 Romanorum
478 589 675 655 permanserat,
687 603 771 655 quum
786 603 851 657 pars
868 588 1005 657 quaedam

153 663 275 718 civitatis
292 662 353 731 ejus
368 661 521 729 defecisset,
539 661 576 715 ad
590 662 721 732 oppidum
735 662 884 717 Lemonum
896 667 1005 727 couten-

74 798 77 803 ,
153 739 203 793 dit.
234 739 295 804 Quo
314 755 399 808 quum
420 736 592 804 adventaret,
613 741 697 807 atque
716 755 751 792 cx
769 739 883 808 captivis
902 740 1005 793 certius

151 817 330 883 cognosceret
341 814 435 868 multis
452 812 593 867 homiuum
610 813 721 867 milibus
737 831 755 867 a
775 814 916 869 Dumnaco
934 815 1004 869 duee

153 890 278 945 Andium
302 890 450 944 Duratium
467 890 590 944 clausum
608 889 721 944 Lemoni
737 892 896 960 oppugnari,
913 907 1004 959 neque

151 966 275 1021 infirmas
297 966 418 1034 legiones
438 964 564 1019 hostibus
581 966 752 1020 committere
767 966 890 1034 auderet,
914 970 1005 1020 castra

152 1041 259 1095 munito
281 1041 341 1095 loco
362 1040 461 1110 posuit
499 1039 656 1095 Dumnacus
676 1057 761 1109 quum
785 1040 1004 1110 adpropinquare

153 1117 298 1172 Caninium
313 1116 489 1184 cognovisset,
506 1116 593 1186 copiis
610 1116 735 1171 omnibus
751 1117 788 1171 ad
805 1117 926 1185 legiones
943 1133 1004 1171 con·

151 1192 239 1248 versis
259 1195 350 1247 castra
369 1192 553 1246 Romanorum
568 1208 728 1261 oppugnare
744 1193 873 1247 instituit.
909 1193 1001 1258 Quum

151 1267 307 1339 complures
317 1267 377 1322 dies
388 1267 417 1321 in
428 1268 630 1337 oppugnatione
642 1269 855 1337 consumpsisset
863 1271 894 1323 et
903 1285 1003 1337 magno

152 1360 265 1399 suorum
276 1343 442 1398 detrimento
453 1343 556 1397 nullam
572 1347 681 1413 partem
698 1343 879 1399 munitionum
896 1345 1003 1399 convel-

151 1421 211 1475 lere
220 1419 364 1489 potuisset,
375 1434 469 1473 rursus
481 1419 518 1473 ad
529 1418 711 1474 obsidendum
723 1419 873 1474 Lemonum
885 1420 966 1475 redit

204 1499 244 1554 27.
281 1495 386 1549 Eodem
405 1498 530 1564 tempore
554 1495 584 1549 O.
602 1494 704 1549 Fabius
721 1495 829 1563 legatus
849 1497 1003 1566 complures

149 1571 278 1627 civitates
301 1571 330 1624 in
350 1569 435 1624 fidem
449 1570 556 1640 recipit,
571 1570 713 1625 obsidibus
730 1571 830 1640 firmat,
846 1572 1003 1642 litterisque

152 1647 184 1702 Ο.
197 1646 303 1701 Caninii
315 1645 407 1699 Rebili
420 1646 452 1699 fit
464 1646 565 1700 certior
576 1663 647 1715 quae
658 1646 687 1700 in
697 1646 857 1701 Pictonibus
862 1652 1002 1717 gerantur.

148 1722 258 1787 Quibus
268 1721 352 1776 rebus
364 1720 480 1789 cognitis
490 1722 673 1791 proficiscitur
684 1722 721 1777 ad
737 1722 867 1777 auxilium
885 1724 1003 1778 Duratio

150 1797 303 1852 ferendum.
334 1799 376 1852 At
388 1797 545 1851 Dumnacus
557 1798 677 1853 adventu
690 1798 769 1853 Fabii
779 1800 895 1866 cognito,
905 1799 1002 1869 despe-

150 1876 213 1928 rata
229 1872 317 1927 salute
336 1872 360 1926 sl
380 1871 478 1927 eodem
496 1876 621 1944 tempore
637 1878 748 1929 coactus
765 1877 839 1928 esset
856 1878 886 1929 ct
904 1875 1001 1929 Roma

151 1966 218 2002 num
231 1951 377 2004 externum
390 1947 527 2002 sustinere
538 1949 646 2004 bostem
664 1951 694 2003 et
705 1950 842 2017 respicere
853 1966 886 2003 ac
902 1950 1002 2004 timere

150 2024 309 2094 oppidanos,
321 2026 436 2093 repente
454 2039 487 2077 eo
504 2041 539 2078 ex
557 2025 616 2079 loco
634 2041 695 2079 cum
713 2025 798 2093 copiis
815 2024 936 2090 recedit;
951 2042 1002 2079 nec

150 2117 182 2155 sc
205 2100 272 2154 satis
290 2103 383 2155 tutum
406 2099 466 2153 fore
489 2099 648 2168 arbitratur,
671 2100 723 2154 nisi
746 2100 846 2153 llumen
871 2098 1000 2169 Ligerim,

150 2175 227 2245 quod
245 2179 307 2230 erat
324 2178 409 2245 ponte
428 2178 543 2246 propter
560 2175 779 2244 magnitudinem
797 2174 1001 2246 transeundum,

149 2252 242 2320 copias
252 2250 463 2306 transduxisset.
499 2250 608 2319 Fabius,
624 2251 677 2306 etsi
688 2250 810 2304 nondum
827 2250 856 2303 in
874 2266 1002 2320 conspec-

151 2330 213 2381 tum
230 2330 344 2381 venerat
360 2326 494 2396 hostibus,
508 2344 600 2397 neque
615 2343 646 2381 sc
660 2343 723 2381 cum
742 2326 855 2381 Caninio
871 2326 1002 2395 conjunx-

151 2405 221 2470 erat,
232 2406 325 2456 tamen
337 2402 434 2456 doctus
445 2403 481 2457 ab
493 2403 527 2456 iis
539 2403 586 2472 qui
598 2403 718 2456 locorum
729 2405 863 2457 noverant
874 2406 1000 2457 naturam

149 2477 323 2548 potissimum
332 2477 452 2532 credidit
462 2478 557 2533 hostes
567 2480 731 2547 perterritos
743 2494 806 2531 eum
818 2477 907 2532 locum
919 2495 1001 2548 quem

148 2549 265 2624 petebat
276 2554 418 2622 petituros.
433 2555 539 2623 'Itaque
551 2571 613 2608 cum
624 2553 710 2623 copiis
718 2553 755 2607 ad
762 2553 880 2609 eundem
888 2560 1001 2624 pontem

149 2629 299 2695 contendit,
317 2631 526 2699 equitatumque
538 2633 647 2685 tantum
659 2630 809 2699 procedere
820 2634 885 2685 aute
902 2647 1000 2699 agmen

149 2705 269 2774 imperat
279 2706 418 2774 legionum
435 2708 568 2774 quantum
584 2721 669 2774 quum
680 2706 859 2774 processisset
876 2706 936 2760 sine
953 2707 1000 2761 de-

147 2781 311 2849 fatigatione
337 2796 470 2850 equorum
497 2781 526 2835 in
556 2780 655 2836 eadem
678 2797 709 2835 se
735 2781 872 2850 reciperet
899 2785 998 2836 castra

149 2856 362 2926 Consequuntur
373 2858 481 2925 equites
494 2856 590 2923 nostri
607 2859 641 2911 ut
658 2859 718 2910 crat
729 2858 1000 2926 praeceptum,1nva-

148 2932 276 3002 duntque
288 2933 422 2987 Dumnaci
440 2948 550 3002 agmen,
569 2935 599 2987 et
621 2932 759 3000 fugientes
781 2932 1000 3000 perterritosque

147 3008 200 3062 sub
221 3008 334 3062 sarcinis
352 3008 381 3061 in
401 3008 501 3062 itinere
521 3008 644 3076 aggressi
663 3023 762 3074 magua
784 3008 888 3075 praeda
906 3007 1001 3060 multis

146 3084 300 3140 interiectis
318 3084 468 3154 potiuntur.
504 3084 551 3140 Ita
568 3101 599 3139 re
617 3083 687 3138 bene
709 3085 788 3149 gesta
812 3099 842 3137 se
864 3083 1000 3153 recipiunt

146 3160 177 3215 in
189 3164 288 3216 castra.
857 3189 858 3198 κ
