2175 3409
79 149 95 196 2
343 146 371 196 G.
389 145 490 196 JULII
506 146 680 197 CAESARIS

79 224 219 293 altissimo,
238 223 286 295 qui
304 240 400 294 agrum
420 224 579 279 Helvetium
602 241 619 279 a
642 223 786 280 Gemranis
809 222 926 291 dividit3

80 301 168 355 altera
185 317 220 354 ex
243 303 323 369 parte
346 303 439 354 monte
463 299 534 354 Jura
558 301 697 368 altissimo,
717 300 764 369 qui
787 303 831 354 est
852 300 928 355 inter

80 378 222 446 Sequanos
234 381 263 430 et
276 375 436 441 Helvetios;
454 376 538 430 tertia
549 376 608 429 lacu
622 376 760 430 Lemanno
772 381 801 431 et
815 376 927 430 flumine

82 452 222 520 Rhodano,
235 452 282 520 qui
296 451 464 520 provinciam
478 455 600 505 nostram
616 452 652 505 ab
668 452 804 507 Helvetiis
820 452 926 507 dividit.

82 528 134 582 His
150 527 234 582 rebus
248 527 333 581 fiebat
346 531 379 581 ut
395 531 424 581 et
443 527 533 581 minus
544 527 601 582 late
615 531 780 596 vagarentur
795 533 825 584 et
838 529 931 582 minus

79 603 160 658 facile
186 603 311 657 finitimis
332 602 435 657 bellum
465 603 566 657 inferre
592 607 720 673 possent3
751 621 807 673 qua
835 621 870 659 ex
896 621 928 659 re

80 679 204 733 homines
226 678 347 734 bellandi
374 678 466 748 cupidi
492 696 592 748 magno
619 679 713 734 dolore
735 680 928 735 afficiebantur.

21 757 23 830 j
83 755 136 808 Pro
155 754 332 809 multitudine
352 758 445 809 autem
468 754 609 808 hominum
630 757 658 809 et
681 772 731 825 pro
753 756 840 824 gloria
863 756 929 809 belli

21 853 23 908 ζ
81 834 165 899 atque
174 829 344 884 fortitudinis
353 829 598 898 angustosseiines
606 830 708 885 habere
717 830 930 898 arbitrabantur,

21 967 23 982 Ι
82 905 130 973 qui
141 905 170 958 in
181 904 379 974 longitudinem
395 904 470 958 milia
484 921 614 974 passuum
627 920 703 975 coxa,
714 907 744 959 in
754 905 930 961 latitudinem

82 980 324 1050 cuxupatobant.

134 1062 159 1112 3.
194 1056 249 1111 His
269 1056 352 1112 rebus
374 1055 488 1111 adducti
511 1059 541 1111 et
564 1058 729 1112 auctoritate
759 1057 930 1126 Orgetorigis

81 1133 199 1202 permoti
216 1132 417 1187 constituenmt
434 1148 468 1186 ea
485 1127 557 1201 duae
573 1132 610 1186 ad
626 1133 851 1201 proficiscendum
868 1150 930 1202 per-

82 1210 203 1263 tinerent
225 1224 390 1277 comparare,
413 1206 602 1275 jumentorum
628 1212 657 1262 et
685 1224 823 1262 carrorum
846 1225 930 1278 quam

82 1285 230 1339 maximum
246 1300 388 1337 numerum
404 1289 535 1351 coemere,
549 1287 684 1338 sementes
699 1300 781 1352 quam
798 1285 931 1340 maximas
991 1306 1010 1320 ·’

20 1415 21 1424 ,
82 1362 174 1415 facere
196 1362 229 1414 ut
251 1360 280 1412 in
303 1359 402 1413 itinere
425 1359 502 1428 copia
524 1359 656 1413 frumenti
678 1364 845 1429 suppeteret,
868 1378 930 1415 cum

20 1431 22 1476 ἶ
82 1435 213 1505 proximis
224 1434 378 1489 civitatibus
390 1449 485 1503 pacem
497 1437 527 1488 et
537 1434 684 1489 amicitiam
694 1434 860 1491 confirmare.
882 1436 931 1491 Ad

19 1535 20 1552 2
83 1529 130 1567 eas
141 1528 186 1566 res
201 1511 380 1565 conficiendas
394 1509 534 1564 biennium
549 1509 601 1564 sibi
616 1511 683 1565 satis
698 1527 758 1565 esse
774 1512 930 1567 duxerunt:

19 1651 20 1654 Ἴ
83 1589 112 1641 iu
122 1587 237 1643 tertium
249 1602 349 1640 aunum
360 1586 556 1654 profectionem
567 1586 629 1655 lege
637 1586 806 1642 confirmant.
829 1587 931 1642 Adeas

18 1659 20 1730 J
83 1661 609 1730 reseonficiendasOrgetorixdeligitur.
628 1661 932 1730 Issibilegationemad

83 1739 208 1794 civitates
217 1738 343 1807 suscepit
373 1737 408 1791 In
415 1753 448 1791 eo
457 1736 556 1791 itinere
566 1737 715 1806 persuadet
727 1738 842 1806 Castico,
851 1739 932 1799 Cata-

83 1814 263 1869 mantaloedis
270 1815 333 1882 filio,
343 1814 476 1883 Sequano,
486 1812 564 1883 enjus
573 1817 653 1882 pater
664 1830 779 1882 regnum
787 1814 816 1868 in
829 1814 932 1883 Sequa

83 1892 126 1945 nis
137 1889 238 1944 multos
250 1906 334 1943 anuos
345 1890 503 1945 obtinuerat
519 1893 549 1943 et
565 1905 582 1942 a
595 1894 692 1944 senatu
706 1890 800 1957 populi
816 1890 932 1944 Romani
958 1912 961 1916 ²

84 1966 187 2021 amicus
199 1965 352 2035 appellatus
368 1968 435 2032 crat,
450 1967 483 2018 ut
494 1980 608 2032 regnum
620 1965 648 2018 in
665 1965 775 2019 civitate
788 1982 838 2019 sua
854 1982 932 2019 oocu-

83 2046 170 2111 paret,
189 2041 264 2111 quod
281 2045 360 2110 pater
378 2044 443 2094 ante
460 2038 612 2104 habuerat3
629 2040 751 2108 itemque
770 2041 931 2109 Dumnorigi

17 2159 19 2168 ,
85 2118 193 2187 deduc,
208 2117 287 2171 fratri
305 2116 439 2183 Divitiaci
455 2116 502 2184 qui
517 2131 550 2169 eo
565 2119 690 2185 tempore
704 2117 885 2185 principatum
903 2117 932 2169 in

84 2194 196 2249 civitate
205 2192 514 2248 obtinebatacmaxime
522 2190 596 2259 plebi
606 2195 733 2260 acceptus
741 2196 807 2256 erat
816 2196 848 2246 ut
855 2192 931 2246 idem

84 2271 229 2324 conaretur
239 2266 396 2337 persuadet,
408 2267 488 2336 eique
499 2267 583 2320 filiam
595 2283 672 2320 suam
686 2267 714 2320 in
728 2268 930 2321 matrimonium

17 2335 19 2348 '
84 2344 140 2400 dat.
176 2344 309 2399 Perfacile
327 2343 404 2398 factu
422 2360 482 2398 esse
498 2342 551 2396 illis
568 2343 668 2412 probat
682 2346 778 2396 conata
791 2343 931 2411 perficere,

83 2423 230 2490 propterea
242 2419 317 2490 quod
328 2420 387 2489 ipse
399 2436 465 2475 suae
476 2419 595 2475 civitatis
606 2419 749 2487 imperium
768 2415 931 2476 obtenturos

85 2500 176 2563 osset;
195 2514 250 2551 non
267 2514 327 2551 csse
345 2496 460 2550 dubium
478 2496 543 2566 quin
561 2495 645 2549 totius
664 2493 768 2549 Galliae
785 2495 932 2564 plurimum

86 2572 208 2627 Helvetii
226 2574 354 2640 possent;
378 2588 408 2626 se
427 2573 484 2627 suis
502 2572 585 2641 copiis
609 2587 712 2640 suoque
735 2571 857 2624 exercitu
878 2571 932 2624 iliis

85 2663 170 2715 regna
187 2646 392 2703 conciliaturum
411 2648 562 2703 confirmat.
598 2646 659 2699 Hac
680 2645 802 2699 oratioue
820 2646 932 2700 adducti

17 2769 18 2804 ἦ
84 2723 157 2776 inter
173 2738 203 2777 se
217 2722 300 2777 fidem
313 2728 343 2778 et
357 2722 554 2792 jusjurandum
570 2722 645 2788 dant,
657 2724 687 2775 et
702 2737 787 2790 regno
802 2724 933 2789 occupato

17 2813 18 2852 i
84 2799 217 2866 perires
240 2799 444 2867 potentissimos
467 2815 499 2853 ac
522 2796 691 2851 firmissimos
713 2795 827 2865 populos
847 2796 934 2850 totius

17 2877 19 2948 ζ
86 2873 265 2928 Galliaesese
275 2874 359 2943 potiri
371 2891 452 2943 posse
464 2876 582 2943 sperant.

17 2971 18 2978 ¹
138 2953 163 3002 4.
198 2949 239 3001 Ea
261 2965 307 3002 res
330 2953 373 3003 est
396 2949 531 3004 Helvetiis
557 2965 607 3018 pcr
631 2948 761 3002 indicium
785 2947 934 3007 enuntiata

17 3019 19 3088 i
87 3022 212 3076 Moribus
233 3023 289 3076 suis
308 3023 498 3093 Orgetorigem
522 3040 557 3077 ex
578 3024 689 3079 vinculis
712 3041 819 3078 causam
843 3024 936 3078 dicere

17 3123 18 3130 ¹
89 3100 253 3166 coegerunt:
272 3096 431 3151 damnatum
450 3114 565 3166 poenam
582 3100 660 3169 sequi
677 3098 866 3169 oportebatut
877 3098 936 3166 igni

17 3213 19 3216 .
90 3174 264 3227 cremaretur.
301 3171 354 3225 Die
370 3173 519 3227 eonstituta
533 3189 633 3229 causae
646 3175 772 3229 dictionis
786 3174 937 3241 Orgetorix

17 3321 109 3372 B„
