2175 3409
500 144 612 195 LIBER
628 144 677 193 IV.
969 150 999 199 71

154 224 219 294 post
245 222 378 293 proelium
394 224 432 278 ad
448 223 594 277 Caesarem
610 227 799 292 convenerant,
814 223 889 280 inter
903 240 934 280 se
948 226 1003 280 col-

155 299 246 368 locuti,
263 315 347 368 quum
363 300 470 367 equites
494 305 522 353 et
542 316 625 354 naves
645 305 675 354 ct
688 301 856 355 frumentum
873 302 1003 356 Romanis

155 378 251 433 deesse
258 377 442 445 intelligerent
452 379 482 430 et
494 375 661 444 paucitatem
673 377 789 429 militum
801 394 836 431 ex
850 383 1003 432 castrorum

156 454 306 522 exiguitate
315 456 516 521 cognoscerent,
525 468 597 520 quae
608 452 659 506 hoc
668 455 747 506 erant
756 454 838 507 etiam
847 455 1003 522 angustiora

157 530 232 600 quod
241 529 298 583 sine
307 528 509 597 impedimentis
521 528 624 581 Caesar
631 528 752 596 legiones
761 532 1003 598 transportaverat,

157 606 291 674 optimum
301 605 376 658 factu
387 620 447 658 esse
459 602 598 657 duxerunt
609 603 759 658 rebellione
772 604 846 659 facta
862 604 1001 659 numento

158 684 365 749 commeatuque
375 684 484 734 nostres
495 679 641 748 prohibere
653 683 683 734 et
694 696 753 734 rem
769 680 797 733 in
809 681 925 736 hiemem
942 697 1003 749 pro

159 758 266 823 ducere,
280 755 354 825 quod
365 752 409 810 h'is
421 755 557 825 superatis
575 759 623 809 aut
641 755 733 809 reditu
751 755 1004 811 interclusisnemi-

158 848 222 886 nem
230 836 326 900 postea
334 832 399 886 belli
406 831 541 885 inferendi
553 847 635 884 causa
646 831 674 884 in
686 832 856 886 Britanniam
875 827 1004 886 transitu-

7 963 10 990 ,
93 937 96 942 ,
159 924 222 962 rum
250 907 430 961 confidebant.
468 908 569 975 Itaque
596 922 690 959 rursus
720 907 907 976 conjuratione
933 909 1005 961 facta

160 983 291 1053 paulatim
308 1000 343 1037 ex
360 983 457 1037 castris
478 982 620 1037 discedere
642 998 674 1036 uc
698 999 759 1036 suos
782 983 851 1037 clam
874 1000 908 1037 ex
931 983 1005 1104 agris

162 1059 299 1114 deducere
312 1061 469 1127 coeperunt

215 1141 257 1190 31
293 1135 334 1188 At
346 1135 446 1189 Caesar
457 1135 510 1189 etsi
518 1136 638 1189 nondum
651 1151 744 1189 eorum
755 1135 1004 1203 consiliaeognovc-

161 1216 214 1279 rat,
226 1215 318 1266 tamen
330 1214 359 1264 ct
371 1226 405 1264 ex
418 1214 517 1265 eventu
529 1210 639 1264 navium
651 1227 760 1264 suarum
776 1214 807 1264 et
823 1226 857 1264 ex
873 1227 906 1265 eo
930 1209 1004 1297 quod

162 1252 271 1342 obs'ides
283 1286 349 1340 darc
361 1286 570 1351 intermiserant
581 1287 640 1340 sore
652 1286 681 1339 id
693 1287 767 1354 quod
778 1286 877 1340 accidit
888 1285 1004 1354 suspica»

143 1364 251 1418 ‘batur
288 1363 387 1431 Itaque
407 1361 443 1414 ad
464 1378 557 1415 omnes
580 1377 658 1415 casus
682 1361 803 1415 subsidia
825 1360 1005 1430 comparabat.

164 1439 236 1493 Nam
248 1443 278 1493 ct
289 1439 456 1492 frumentum
469 1454 503 1491 ex
519 1438 594 1505 agris
610 1437 733 1505 qnotidie
743 1438 772 1490 in
786 1442 876 1491 castra
886 1436 1006 1491 confere

162 1515 219 1581 bat,
238 1518 268 1569 et
286 1530 356 1583 quae
379 1513 539 1582 gravissime
567 1512 682 1566 afflictae
706 1515 784 1567 erant
802 1530 892 1580 naves,
911 1528 1003 1568 earnm

163 1590 278 1644 materia
290 1593 373 1659 atque
385 1605 449 1642 aere
464 1588 500 1641 ad
518 1589 639 1657 reliquas
657 1589 816 1644 reficiendas
828 1589 965 1656 utebatur,
978 1594 1007 1642 et

164 1682 233 1734 quae
254 1665 291 1720 ad
309 1682 355 1719 eas
371 1680 416 1718 res
435 1666 514 1717 erant
537 1664 598 1717 usui
619 1680 653 1718 ex
673 1665 822 1719 continenti
843 1664 1006 1733 comportari

159 1741 283 1811 jubebat.
308 1741 408 1809 Itaque
416 1756 500 1809 quum
508 1756 613 1793 summo
620 1739 873 1794 studioamilitibus
882 1739 1007 1793 adminia

163 1821 293 1884 traretur,
305 1832 348 1870 ιιιι
359 1815 472 1869 navibus
488 1815 595 1869 amissis
615 1816 727 1885 reliquis
746 1819 779 1869 nt
796 1814 919 1883 navigari
936 1830 1008 1867 com-

164 1893 246 1948 mode
258 1896 353 1961 posset
364 1890 461 1946 effecit

216 1975 257 2024 32.
293 1968 366 2022 Dum
378 1984 412 2022 ea
422 1971 562 2035 genmtnr,
574 1968 680 2036 legione
695 1983 731 2021 ex
746 1966 943 2023 consuetudine
954 1982 1008 2019 una

164 2047 360 2100 frumentatum
380 2043 469 2111 missa,
489 2060 561 2112 quae
579 2043 768 2112 appellabatur
779 2044 902 2112 septima,
920 2058 1008 2110 neque

165 2123 220 2176 ulla
227 2121 262 2175 ad
269 2119 299 2173 id
310 2123 420 2188 tempus
431 2118 496 2172 bclli
505 2119 657 2188 suspicione
669 2118 835 2187 interposita,
849 2134 932 2187 quum
944 2133 1009 2185 pars

165 2198 302 2251 hominum
313 2197 341 2249 in
350 2195 426 2263 agris
437 2198 600 2263 remaneret,
612 2210 676 2263 pars
688 2194 770 2248 etiam
782 2196 810 2247 in
821 2198 911 2249 castra
922 2193 1009 2247 venti-

166 2273 327 2340 taretiiqui
339 2288 389 2340 pro
400 2270 488 2340 portis
503 2270 678 2325 castrorum
669 2286 698 2323 nr
715 2270 831 2324 statione
848 2273 927 2323 erant
942 2269 1010 2322 Cae-

166 2366 221 2404 sam
213 2349 427 2402 nuntiaverunt
438 2346 578 2415 pulverem
595 2345 729 2424 majorem
745 2362 827 2414 quam
843 2348 954 2398 consuet
942 2344 1010 2397 tudo

165 2423 277 2479 ferret
270 2440 298 2476 ιιι
317 2439 351 2476 ea
368 2425 448 2491 parte
468 2422 562 2489 rideri,
582 2438 665 2490 qnam
689 2421 717 2474 in
740 2426 848 2490 partem
866 2422 937 2489 legio
956 2420 1011 2475 iter

72 2501 84 2555 i
165 2501 282 2556 fecisset.
318 2499 419 2553 Caesar
428 2498 459 2553 rd
466 2489 540 2567 qudtl
552 2501 612 2551 erat
628 2498 786 2566 suspicatus,
802 2496 907 2565 aliquid
917 2497 979 2551 novi
995 2514 1012 2549 a

165 2571 289 2631 barbaris
308 2575 406 2628 initum
426 2574 536 2640 consilii,
556 2573 651 2627 echert
639 2576 681 2627 tes
705 2590 775 2641 quae
798 2574 826 2626 in
850 2572 1013 2626 stationibus

167 2650 246 2708 eraut
253 2667 343 2705 secum
351 2650 379 2704 in
391 2666 451 2704 eam
462 2652 570 2718 partem
581 2648 721 2717 proticisci,
731 2665 766 2702 cx
777 2649 890 2718 reliquis
901 2647 991 2703 duas
983 2664 1012 2700 ιιι

167 2728 313 2783 stationem
321 2725 446 2779 cohortes
458 2725 603 2779 succedere
603 2724 739 2792 ,reliquas
750 2724 850 2778 armari
862 2728 892 2778 et
909 2725 1013 2780 confes·

167 2806 218 2860 tim
226 2800 523 2869 sesesubsequijussit
558 2800 649 2865 Quum
665 2800 745 2889 paulo
760 2801 867 2869 longius
883 2817 900 2854 a
916 2798 1014 2854 castris

158 2875 351 2950 processisset,
364 2893 427 2931 euos
438 2877 473 2931 ab
488 2875 615 2932 hostibus
629 2877 718 2945 premi
734 2880 818 2945 atque
834 2892 915 2944 aegre
933 2874 1013 2928 susti-

167 2973 233 3010 nere
242 2958 272 3010 et
280 2953 402 3008 conferta
413 2953 520 3021 legione
532 2969 567 3006 ex
579 2952 703 3005 omnibus
714 2951 840 3020 partibus
851 2951 906 3004 tela
918 2967 977 3016 corp
970 2945 1013 3000 ici

168 3029 369 3085 animadvertit
405 3029 431 3082 N
432 3046 476 3082 am
496 3029 570 3096 quod
588 3027 661 3081 omni
685 3044 719 3080 ex
749 3026 861 3094 reliquis
890 3024 1014 3093 partibus

163 3102 294 3162 ‘demesso
306 3105 444 3158 frumento
450 3120 514 3173 pars
521 3119 576 3156 una
587 3105 647 3156 erat
659 3102 772 3170 reliqua,
783 3100 912 3167 suspicati
921 3098 1015 3150 hostes

11 3228 15 3252 ,
79 3234 83 3244 ,
168 3181 222 3238 huc
230 3184 340 3237 nostros
347 3196 407 3235 csse
414 3182 544 3234 uenturos
551 3181 635 3232 noctu
646 3176 944 3236 insiluisdelituerant;
955 3173 1014 3223 tum

1010 3341 1084 3371 j
