2175 3409
453 136 456 140 ’
492 121 606 170 LIBER
622 120 689 169 vll,
973 123 1020 169 125

169 205 273 276 proelio
282 205 368 259 victos
377 202 667 259 Caesarcollocaverat
676 201 1021 272 Aeduisqueattribuerat,

169 298 328 353 oppugnare
339 281 468 335 instituit.

223 364 262 412 lo.
299 357 428 426 Magnam
455 356 523 411 haec
549 373 595 411 res
624 355 735 411 Caesari
765 355 955 410 difficmtatem
986 357 1024 410 ad

169 435 312 489 eonsilium
339 432 502 502 capiendum
531 431 672 498 afferebat,
699 432 722 485 si
750 431 885 501 reliquam
914 436 1022 501 partem

169 510 267 565 hiemis
278 526 333 563 uno
343 510 372 563 in
389 510 448 562 loeo
465 508 587 576 legiones
604 509 765 576 contineret,
783 524 819 562 ne
837 507 1023 576 stipendiariis

171 587 332 640 Aeduorum
356 584 520 653 expugnatis
543 588 643 638 cuncta
666 583 756 638 Gallia
778 583 918 650 deiiceret,
947 582 1023 651 quod

170 663 273 716 nullum
288 662 383 715 amieis
400 662 428 714 in
446 676 479 714 eo
496 659 665 729 praesidium
683 660 793 714 videret
809 660 930 727 positum
948 674 1024 724 esse;

170 739 211 792 sin
223 738 358 792 maturius
370 752 404 790 ex
417 736 537 790 hibernis
549 735 688 803 educeret,
699 751 735 789 ne
747 735 783 789 ab
795 752 826 790 re
841 736 1023 789 frumentaria

170 815 248 869 duris
271 812 492 869 subvectionibus
514 812 660 867 laboraret.
698 813 844 867 Praestare
867 813 955 866 visum
979 817 1023 867 est

169 893 263 946 tamen
274 907 368 945 omnes
378 888 553 943 difficultates
561 889 669 958 perpeti
680 905 762 958 quam
771 892 849 943 tanta
858 889 1023 943 contumelia

170 971 282 1036 accepta
301 966 420 1020 omnium
442 981 554 1019 suorum
577 965 733 1020 voluntates
757 966 884 1020 alienare.
921 965 1023 1034 ltaque

170 1043 328 1097 cohortatus
353 1042 466 1097 Aeduos
490 1041 526 1095 de
551 1041 737 1111 supportando
762 1045 915 1096 commeatu
944 1060 1023 1112 prae

170 1118 259 1173 mittit
277 1117 313 1172 ad
334 1118 417 1171 Boios
435 1117 484 1186 qui
505 1118 541 1172 de
562 1133 612 1171 suo
633 1117 754 1188 adventu
775 1119 892 1173 doceant
912 1119 1023 1173 horten-

170 1198 279 1263 turque,
299 1194 383 1248 utin
405 1193 462 1247 tide
484 1196 615 1248 nraneant
638 1180 722 1262 atque
746 1194 865 1247 hostium
888 1194 1022 1263 impetum

170 1287 271 1340 magno
283 1270 373 1324 animo
388 1270 548 1324 sustineant.
585 1269 700 1323 Duabus
717 1269 854 1338 Agondioi
869 1270 1022 1338 legionibus

171 1351 256 1416 atque
275 1345 479 1415 impedimentis
498 1346 586 1401 totius
602 1346 739 1401 exercitus
759 1346 863 1400 relictis
884 1346 920 1400 ad
939 1346 1022 1436 Boios

170 1423 357 1492 proficiscitur.
548 1469 550 1472 ,

225 1505 264 1553 11.
301 1500 400 1553 Altero
420 1498 466 1552 die
487 1516 573 1568 quum
591 1499 629 1553 ad
649 1498 780 1567 oppidum
799 1498 936 1553 Senonum
957 1499 1021 1554 Vel-

170 1574 355 1629 launodunum
378 1575 507 1642 venisset,
531 1592 567 1629 ne
590 1591 672 1644 quem
696 1577 759 1644 post
789 1591 819 1629 se
845 1576 952 1629 hostem
978 1592 1021 1630 re·

170 1652 316 1721 linqueret,
341 1668 396 1721 quo
420 1651 605 1721 expeditiore·
619 1668 650 1706 re
677 1650 857 1706 immentaria
886 1656 1021 1719 uteretur,

171 1744 328 1797 oppugnare
342 1728 464 1782 instituit
483 1727 569 1796 idque
586 1727 672 1782 biduo
691 1728 917 1782 circumvallavit:
937 1728 1021 1782 tertio

171 1803 217 1857 die
228 1805 318 1858 missis
330 1821 365 1858 ex
376 1803 477 1873 oppido
488 1804 588 1873 legatia
600 1803 635 1858 de
650 1803 790 1858 deditione
804 1820 881 1858 arma
895 1805 1021 1873 proferri,

166 1878 293 1946 jumenta
308 1880 431 1949 produci,
450 1895 485 1934 no
499 1879 610 1934 obsides
630 1880 690 1934 dari
705 1879 794 1948 jubet
831 1881 872 1934 Ea
890 1881 938 1948 qui
959 1897 1021 1935 con-

170 1955 266 2010 ficeret
278 1956 308 2011 (l.
320 1955 484 2010 Trebonium
500 1956 623 2024 legatum
639 1956 784 2025 relinquit:
802 1956 872 2024 ipse,
886 1960 920 2010 ut
938 1973 1020 2025 quam

170 2032 288 2101 primum
309 2031 364 2085 iter
382 2031 536 2099 conficeret,
556 2031 699 2086 Genabum
724 2033 876 2085 Carnutum
899 2032 1021 2100 proficis·

170 2107 249 2175 citur,
262 2107 318 2177 qui,
330 2107 527 2177 tum‘primum
546 2108 629 2162 allato
647 2108 743 2161 nuntio
762 2106 799 2161 de
810 2108 1021 2176 oppugnatione

171 2182 382 2251 Vellaunoduni,
395 2199 479 2252 quum
490 2183 596 2252 longius
615 2200 676 2237 eam
695 2200 754 2237 rem
780 2183 894 2238 ductum
916 2183 950 2236 iri
976 2199 1022 2236 ex·

169 2259 332 2326 intimarent,
362 2258 531 2329 praesidium
562 2259 668 2313 Genabi
697 2260 795 2314 tuendi
824 2274 913 2326 causa,
945 2258 1021 2327 quod

170 2351 204 2388 eo
229 2335 382 2402 mitterent,
402 2334 604 2404 comparabant
637 2335 701 2389 Huc
723 2334 808 2388 biduo
832 2335 971 2403 pervenit:
991 2338 1021 2388 et

170 2411 269 2464 eastris
294 2414 359 2465 anto
388 2411 518 2480 oppidum
542 2411 641 2479 positis
664 2410 719 2464 diei
748 2415 873 2480 temporo
896 2410 1021 2464 exclusus

170 2485 199 2539 in
219 2489 360 2555 posterum
379 2486 609 2556 oppugnationem
631 2486 732 2555 differt,
751 2503 876 2556 quaeque
899 2487 936 2540 ad
959 2503 1020 2541 eam

170 2578 229 2616 rem
252 2562 313 2616 usui
337 2563 393 2617 sint
416 2562 548 2617 militibus
571 2563 703 2631 imperat3
727 2567 764 2631 et,
783 2563 859 2632 qnod
887 2563 1019 2632 oppidum

170 2637 312 2692 Ganabum
324 2654 393 2707 pons
405 2638 523 2692 fluminis
535 2638 643 2707 Ligeris
660 2638 844 2707 contingebat,
863 2640 967 2693 veritus
984 2656 1020 2692 no

169 2716 252 2767 noctu
271 2729 306 2767 ex
326 2713 427 2782 oppido
447 2716 635 2783 profugerent,
654 2714 723 2768 duas
742 2715 863 2783 legiones
883 2715 912 2768 in
936 2715 1020 2768 armis

169 2789 318 2845 excubare,
339 2789 428 2857 jubet.
469 2791 645 2846 Genabensos
675 2791 767 2860 paullo
799 2794 863 2845 aute
901 2791 1020 2845 mediam
1055 2841 1063 2856 ,

169 2868 276 2918 noctem
293 2864 401 2919 silentio
418 2882 451 2919 ex
464 2866 564 2934 oppido
576 2867 678 2936 egressi
690 2868 790 2923 flumen
799 2867 916 2922 transire
925 2883 1019 2935 eoepe-

153 2944 241 2996 ·runt.
278 2939 379 3005 Quare
388 2957 438 3009 per
447 2937 635 3010 exploratores
643 2945 772 2998 nunciata
782 2944 884 2998 Caesar
892 2943 1018 3010 legiones,

168 3033 237 3084 quas
249 3016 393 3086 expeditas
408 3034 468 3071 esse
480 3018 611 3086 jusserat,
626 3019 715 3087 portia
729 3020 845 3074 incensis
859 3016 1020 3070 intromittit

167 3096 253 3159 atque
277 3091 378 3161 oppido
400 3094 514 3161 potitur,
539 3095 682 3162 perpaucis
706 3111 740 3147 ex
764 3093 882 3146 hostium
905 3100 1019 3143 numero

168 3168 335 3222 desideratis
348 3168 412 3236 quin
434 3168 550 3237 [cuncti]
570 3169 624 3240 rivi
643 3172 816 3236 caperentur,
835 3164 909 3231 quod
928 3164 1019 3231 pontis
