2175 3409
72 100 120 152 124
328 99 356 149 O.
376 98 477 149 JULII
493 99 666 148 CAESARIS

71 180 152 248 tibus,
170 181 327 248 circumque
351 179 518 246 Narbonem,
537 196 608 248 quae
627 180 686 234 loca
703 179 829 236 hostibus
846 186 931 237 erant.

71 257 192 318 finitimo,
204 255 360 309 constituit:
379 259 487 324 partem
501 256 640 324 copiarum
656 273 691 310 ex
709 258 849 326 provincia
864 274 926 327 sup·
1013 308 1016 312 .

70 333 292 402 plemcntumque
305 331 380 401 quod
392 348 427 385 cx
439 331 524 385 Italia
536 331 693 387 adduxerat
704 334 733 386 in
747 333 868 402 Helvios,
877 333 926 402 qui

71 409 140 462 fines
152 409 341 462 Arvernorum
354 407 523 476 contingunt,
536 408 681 462 convenire
690 408 778 476 jubet.

122 489 148 538 8.
185 483 238 536 His
252 482 335 536 rebus
355 484 526 552 comparatis,
534 500 666 552 represso
680 483 740 552 jam
754 485 882 539 Lucterio
897 489 927 540 et

71 563 185 627 remoto,
198 559 273 627 quod
285 560 389 613 intrare
401 560 474 613 intra
493 560 632 628 praesidia
650 561 830 629 periculosum
840 565 926 630 puta-

70 635 127 703 bat,
145 635 173 687 in
193 635 306 688 Helvios
324 635 513 703 proficiscitur.
551 635 612 690 Etsi
629 653 707 690 mons
725 636 861 704 Cevenna,
878 637 926 705 qui

72 713 213 765 Arvernos
224 710 260 764 ab
279 711 386 806 llelriis
405 711 543 780 discludit,
559 711 704 765 durissimo
721 715 846 781 tempore
861 711 926 765 anni

71 787 204 841 altissima
221 787 284 841 nive
302 787 357 842 iter
380 787 557 857 impediebat,
576 792 670 842 tamen
687 789 801 843 discissa
818 790 880 843 nive
897 790 926 842 in

71 863 246 917 altitudinem
264 863 366 932 pedum
383 880 414 918 vr
430 868 515 933 atque
532 865 572 918 ita
587 864 638 918 viis
655 865 807 933 patefactis,
820 881 926 918 summo

71 939 189 993 militum
201 939 295 999 labore
306 940 425 994 adfines
445 943 633 994 Arvernorum
652 942 784 1009 pervenit
823 940 927 1005 Quibus

71 1016 208 1084 oppressis
221 1016 432 1084 inopinantibus,
442 1016 517 1086 quod
529 1033 560 1071 se
573 1016 700 1071 Cevenna
706 1020 739 1070 ut
750 1033 828 1070 muro
840 1016 927 1070 muni·

70 1095 115 1145 tos
127 1089 413 1159 existimabant,acnc
423 1092 554 1161 singulari
564 1092 676 1161 quidem
685 1109 816 1161 umquam
825 1091 927 1145 bomini
1033 1143 1034 1146 ,

71 1184 104 1220 eo
116 1172 240 1237 tempore
252 1169 316 1222 anni
328 1168 443 1222 semitae
454 1172 609 1237 patuerant,
617 1167 756 1237 equitibus
765 1168 883 1242 imperat
894 1170 927 1221 ut

71 1259 154 1311 quam
166 1244 300 1298 latissime
312 1244 418 1313 possint
430 1248 572 1312 vagentur,
579 1248 609 1297 ct
618 1260 700 1312 quam
710 1244 858 1306 maximum
867 1244 927 1297 hos

71 1320 147 1373 tibus
159 1323 295 1374 terrorem
309 1320 435 1374 inferant.
468 1320 603 1374 Celeriter
615 1319 681 1373 baec
694 1320 767 1373 fama
778 1337 810 1374 ac
821 1319 927 1374 nunciis

71 1394 108 1449 nd
117 1395 374 1463 Vercingetorigem
386 1395 564 1464 perferuntur
575 1416 581 1460 ;
593 1412 675 1464 quem
684 1396 825 1466 perterriti
832 1412 927 1451 omnes

65 1472 191 1525 ‚Arverni
210 1471 414 1525 circumsistunt
431 1474 515 1539 atque
527 1471 675 1525 obsecrant
692 1475 724 1526 ut
741 1472 797 1524 suis
808 1471 927 1525 fortunis

71 1546 202 1612 consulat,
215 1563 269 1600 neu
281 1563 311 1600 se
323 1546 358 1599 ab
375 1546 500 1600 hostibus
515 1547 599 1616 diripi
617 1548 746 1616 patiatur,
765 1546 926 1615 praesertim

69 1637 156 1688 quum
174 1620 267 1675 videat
284 1637 364 1674 omne
381 1621 418 1675 ad
435 1637 465 1676 se
481 1622 585 1677 bellum
598 1622 769 1676 translatum.
805 1621 927 1686 Quorum

67 1696 118 1752 ille
135 1695 262 1765 precibus
280 1701 421 1764 permotus
438 1702 529 1752 castra
547 1714 582 1751 ex
600 1697 772 1764 Biturigibus
789 1699 881 1750 movet
897 1695 927 1749 in

73 1775 215 1826 Arvernos
227 1788 330 1826 versus.

124 1853 146 1901 9.
184 1849 226 1901 At
239 1847 347 1906 ,Caesar
370 1847 485 1902 biduum
508 1849 537 1902 in
556 1849 598 1903 his
621 1849 688 1903 locis
704 1851 835 1917 moratus,
853 1847 927 1917 quod

70 1923 138 1978 hacc
146 1923 182 1977 de
190 1923 417 1992 Vercingetorige
425 1941 476 1978 usu
484 1929 600 1978 ventura
607 1924 732 1993 opinione
740 1928 927 1993 praeceperat,

70 2016 121 2069 per
133 2016 242 2053 causam
258 1999 442 2067 supplementi
457 2000 653 2069 equitatusque
669 1999 785 2067 cogendi
801 1998 836 2052 ab
850 2016 927 2053 exer-

71 2076 129 2130 citu
141 2074 259 2130 discedit
266 2095 274 2141 ;
293 2075 411 2129 Brutum
423 2075 625 2130 adolescentem
638 2075 777 2144 hiscopiis
788 2075 926 2144 praeficit;

70 2152 143 2206 hunc
154 2155 249 2206 monet
265 2156 298 2206 ut
314 2152 342 2205 in
357 2168 451 2207 onmes
468 2156 561 2220 partes
577 2152 685 2220 equites
701 2167 783 2219 quam
795 2150 926 2204 latissime

70 2233 272 2297 pervagentur:
292 2227 422 2282 daturum
442 2244 472 2282 se
488 2244 599 2296 operam
615 2244 650 2281 ne
662 2227 770 2294 longius
782 2226 875 2280 triduo
891 2225 926 2279 ab

71 2306 170 2359 castris
181 2304 260 2358 absit.
298 2304 351 2357 llis
367 2304 525 2359 constitutis
540 2303 631 2371 rebus,
644 2303 701 2356 suis
715 2301 926 2372 inopinantibus,

71 2397 154 2450 quam
167 2379 292 2433 maximis
305 2382 398 2447 potest
411 2380 556 2434 itineribus
566 2380 700 2433 Viennam
714 2378 850 2446 pervenit.
881 2376 926 2432 lbi

71 2461 168 2510 nactus
179 2459 318 2510 recentem
331 2455 492 2524 equitatum,
505 2472 588 2524 quem
601 2455 695 2508 multis
707 2458 772 2508 ante
784 2453 881 2507 dicbus
893 2469 926 2507 eo

71 2532 261 2606 praemiserat,
274 2548 364 2600 neque
377 2532 476 2585 diurno
488 2548 578 2600 neque
590 2534 723 2584 nocturno
735 2529 834 2583 itinere
842 2529 926 2582 inter-

72 2608 161 2676 misso,
179 2623 229 2676 per
247 2607 316 2660 fines
335 2607 497 2662 Aeduorum
515 2608 544 2660 in
564 2607 699 2673 Lingones
717 2604 859 2659 contendit
878 2603 927 2657 ubi

68 2685 143 2738 duae
155 2683 276 2750 legiones
288 2683 454 2748 hiemabant,
467 2687 507 2750 ut,
520 2683 543 2736 si
556 2683 623 2751 quid
635 2681 720 2735 etiam
733 2680 830 2734 desua
838 2680 927 2733 salute

71 2760 107 2813 ab
120 2758 226 2813 Aeduis
237 2759 354 2812 iniretur
371 2759 481 2825 consilii,
494 2759 637 2813 celeritate
654 2759 852 2826 praecurreret.
886 2756 927 2809 Eo

72 2851 156 2901 quum
174 2834 352 2901 pervenisset,
364 2833 400 2887 ad
417 2835 537 2903 reliquas
551 2833 672 2901 legiones
685 2831 780 2897 mittit,
795 2832 927 2899 priusque

71 2924 165 2961 omnes
178 2908 299 2961 inunum
313 2908 401 2962 locum
420 2910 493 2977 cogit
507 2926 590 2978 quam
608 2908 644 2962 de
660 2907 720 2976 ejus
736 2908 857 2961 adventu
873 2908 927 2959 Ar-

71 2982 162 3034 vernis
180 2982 303 3035 nunciari
321 2988 423 3050 posset.
461 2985 521 3038 llac
540 3002 570 3038 re
588 2985 698 3051 cognita
716 2982 927 3050 Vercingetorix

72 3057 211 3111 rursusin
230 3056 366 3124 Bituriges
383 3061 532 3112 exercitum
550 3060 666 3125 reducit,
684 3063 768 3128 atque
781 3058 846 3111 inde
864 3074 927 3126 pro-

72 3127 161 3177 fectus
168 3126 354 3197 [Gergoviam]
365 3132 494 3185 Boiorum
504 3135 644 3200 oppidum,
652 3151 722 3202 quos
729 3134 767 3187 ibi
781 3132 927 3187 Helvetico
