2175 3409
524 84 638 135 LIBER
654 87 678 140 1.

173 190 248 243 quae
268 173 329 242 ipse
345 171 491 240 intelligat,
511 187 584 240 qnae
606 171 704 227 civitas
725 173 865 239 queratur,
883 96 1029 240 proponilt13

174 253 270 303 monet
286 252 320 301 ut
336 248 365 300 in
381 248 519 316 reliquum
533 251 644 315 tempus
658 262 753 300 omnes
765 247 931 314 suspiciones
942 248 1029 312 ritet3

174 324 378 392 praeteritase
399 322 536 378 Divitiaco
554 323 634 376 fratri
655 321 809 376 condonare
830 322 907 377 dicit.
942 323 1028 377 Dum·

176 401 265 468 norigi
277 398 405 453 custodes
416 399 494 467 ponit
505 401 538 453 ut
550 414 621 467 quae
632 400 703 465 agat,
716 396 876 465 quibuscum
891 398 1028 468 loquatur,

176 475 248 529 scire
258 474 353 544 possit

177 583 181 588 -
228 554 270 605 21.
295 549 399 604 Eodem
407 548 1028 617 dieabexploratoribuscertiorfactushostes

178 626 229 681 sub
247 629 341 680 mente
359 625 515 679 consedisse
530 624 608 678 milia
627 640 758 693 11111111
772 624 809 678 ab
825 625 912 694 ipsius
928 626 1028 679 castris

178 706 247 769 octo,
266 701 356 771 qualis
374 703 448 755 esset
466 703 566 753 1111111
584 700 684 752 montis
704 702 734 752 et
754 700 843 768 qualis
861 701 890 754 in
912 702 1028 755 circuitu

178 794 304 832 ascensus
333 775 381 845 qui
409 777 604 843 cognoscerent
629 775 712 828 misit.
760 776 959 831 Renuntiatum
984 782 1029 832 est

178 854 284 906 facilem
305 869 373 906 esse.
408 851 451 904 De
470 851 556 904 tertis
575 850 667 917 vigilia
685 851 714 903 Τ.
734 850 885 906 Labienum
908 852 1028 921 legatum

177 931 375 998 propraetore
398 943 461 981 cum
487 925 594 979 duabus
617 925 770 993 legionibus
794 930 824 981 et
847 927 891 981 his
912 928 1028 983 ducibus

178 1005 225 1073 qui
241 1004 297 1057 iter
312 1006 495 1071 cognoverant
506 1017 643 1055 summum
656 1002 755 1070 jugum
768 1003 869 1057 montis
880 1006 1029 1060 ascendere

175 1079 271 1147 jubet3
290 1078 358 1149 quid
379 1080 421 1133 sui
441 1077 547 1132 consilii
568 1077 606 1130 sit
624 1077 754 1131 ostendit.
790 1078 855 1145 Ipse
874 1079 910 1133 de
930 1086 1027 1149 quarta

177 1155 270 1223 vigilie
281 1155 379 1209 eodem
391 1155 491 1208 itinere
504 1170 559 1223 quc
571 1153 664 1207 hostes
675 1154 767 1206 ierant
778 1153 814 1206 ad
826 1170 874 1208 eos
885 1157 1029 1210 contendit

178 1231 386 1299 equitatumque
398 1241 507 1284 emnem
519 1233 585 1283 ante
597 1245 628 1283 se
639 1228 734 1283 mittit
771 1227 802 1282 P.
815 1229 967 1300 Considius,
980 1234 1027 1300 qui

178 1307 218 1360 rei
237 1307 364 1360 militaris
384 1306 567 1374 peritissimus
583 1304 744 1372 habebatur,
761 1308 791 1358 et
810 1305 840 1359 in
856 1307 980 1360 exercitu
997 1309 1027 1361 L.

178 1382 269 1436 Sullae
281 1385 310 1435 et
320 1384 417 1448 postea
428 1381 456 1435 in
468 1381 507 1434 M.
520 1381 611 1435 Crassi
623 1381 721 1447 fuerat,
734 1396 796 1433 cum
808 1381 1027 1449 exploratoribus

177 1457 372 1526 praemittitur.

230 1538 270 1586 22.
306 1532 399 1586 Prima
414 1531 476 1585 luce
492 1547 577 1599 quum
591 1547 713 1584 summus
729 1548 807 1585 mons
825 1549 842 1586 a
862 1532 893 1587 ’1.
906 1532 1026 1587 Labieno

178 1611 327 1675 teneretur,
345 1608 404 1676 ipse
421 1606 457 1660 ab
473 1606 593 1660 hostium
607 1608 705 1660 castris
723 1623 777 1660 non
793 1607 900 1675 longius
915 1608 980 1662 mile
996 1612 1027 1662 et

178 1683 337 1753 quingentis
348 1682 474 1751 passibus
486 1682 602 1750 abesset,
610 1686 747 1751 nequent
758 1686 854 1752 postea
866 1700 901 1737 ex
912 1685 1027 1752 captivis

178 1759 319 1826 comperit,
327 1762 376 1811 aut
384 1757 471 1827 ipsius
484 1756 618 1810 adventus
628 1762 676 1811 aut
686 1757 800 1811 Labieni
809 1759 934 1826 cognitus
946 1763 1028 1826 esset,

180 1834 324 1888 Considius
336 1848 407 1901 eque
419 1831 538 1886 admisso
551 1832 587 1884 ad
603 1848 667 1885 eum
683 1834 809 1899 accurrit,
821 1833 889 1888 dicit
906 1838 1028 1888 montem

130 1935 133 1939 Δ
178 1926 261 1979 quem
273 1927 289 1963 1
301 1909 422 1963 Labieno
434 1907 562 1976 occupari
574 1908 691 1962 voluerit
703 1908 739 1961 ab
750 1908 875 1963 hostibus
885 1911 987 1976 teneri;
999 1910 1029 1963 id

179 2002 209 2039 se
221 2001 238 2037 a
250 1984 361 2039 Gallicis
373 1984 457 2037 armis
469 1988 553 2052 atque
565 1984 718 2051 insignibus
730 1986 894 2053 cognouisse.
928 1986 1029 2040 Caesar

178 2078 242 2114 suas
254 2062 345 2129 copias
356 2061 384 2113 in
396 2060 551 2130 proximum
564 2060 660 2115 collem
670 2060 806 2129 subducit,
815 2062 901 2115 aciem
910 2062 1028 2115 instruit.

179 2136 324 2203 Labienus,
336 2141 368 2190 ut
380 2140 441 2190 erat
452 2136 478 2190 ei
490 2140 667 2210 praeceptum
680 2153 697 2189 1
710 2136 830 2191 Caesare
846 2154 882 2192 ne
895 2137 1029 2206 proelium

179 2213 371 2280 committeret,
390 2212 443 2266 nisi
464 2213 550 2279 ipsius
571 2212 666 2281 copiae
686 2229 772 2281 prope
796 2213 915 2267 hostium
940 2218 1029 2267 castra

178 2288 253 2341 visae
264 2292 362 2355 essent,
375 2292 408 2342 ut
420 2289 542 2357 undique
554 2305 608 2341 1111
620 2292 746 2356 tempore
758 2289 786 2340 in
799 2288 894 2342 hostes
910 2290 1030 2357 impetus

179 2363 266 2428 fieret,
282 2367 375 2417 monte
393 2369 524 2431 occupato
544 2368 653 2417 nostros
673 2362 852 2431 exspectabat
871 2364 1030 2432 proeliaque

97 2465 110 2492 1
179 2438 342 2494 abstinebat.
372 2438 462 2493 Multo
475 2438 593 2506 denique
606 2438 713 2505 disper
726 2437 913 2504 exploratores
929 2438 1031 2493 Caesar

179 2517 306 2583 cognorit
324 2519 353 2570 et
372 2519 493 2568 montem
514 2531 530 2567 a
550 2514 606 2567 suis
622 2512 711 2566 teneri
729 2515 758 2565 et
777 2511 921 2567 Helvetios
939 2519 1030 2569 castra

179 2591 296 2645 movisse
320 2594 349 2644 et
370 2589 528 2645 Considium
551 2589 650 2642 timore
673 2587 853 2656 perterritum
877 2591 951 2658 quod
974 2609 1028 2644 non

178 2666 293 2721 vidisset
304 2684 355 2736 pro
366 2668 423 2720 viso
436 2666 488 2719 sibi
500 2664 681 2719 renuntiasse.
708 2664 748 2717 Ilo
760 2664 872 2734 dieque
885 2672 1029 2722 consuerat

178 2742 322 2797 intervallo
345 2743 439 2796 hostes
463 2742 595 2811 seqnitur,
617 2743 647 2794 et
668 2740 744 2794 milia
765 2756 896 2809 passuum
918 2744 974 2796 tria
993 2744 1028 2797 ab

178 2836 273 2873 eornm
286 2818 386 2873 castris
395 2821 485 2872 castra
495 2817 583 2888 ponit.

232 2901 277 2951 23.
313 2893 451 2949 Postridie
463 2894 523 2962 ejus
535 2892 598 2962 diei,
606 2892 680 2960 quod
691 2893 801 2945 omnino
812 2892 926 2948 biduum
936 2911 1030 2964 super-

180 2975 241 3025 erat
251 2985 335 3038 quum
345 2970 476 3025 exercitui
485 2970 652 3024 frumentum
659 2966 752 3019 metiri
761 2972 910 3037 oporteret,
918 2974 947 3024 et
956 2972 1030 3037 qued

179 3059 198 3099 a
209 3046 346 3114 Bibracte,
354 3045 455 3113 oppido
468 3046 630 3099 Aeduorum
641 3042 721 3106 longe
733 3042 852 3096 maximo
862 3048 891 3098 11
903 3046 1032 3112 copiosis-

180 3121 331 3187 simonen
355 3120 470 3186 amplius
489 3120 599 3173 milibus
622 3130 752 3185 passuum
771 3130 845 3172 xum
865 3120 969 3180 aberat,
990 3121 1033 3170 rei
