2175 3409
57 98 104 145 146
323 98 351 147 C.
369 98 387 146 J
392 97 471 148 ULll
489 97 665 145 causeum

55 178 141 245 atque
157 181 295 236 exercitus
310 177 571 247 impedimentorum
586 192 713 246 magnam
727 182 838 247 partem
853 185 917 235 con-

55 258 173 313 tulerat:
192 257 244 309 lruc
265 270 394 323 maguum
417 269 563 308 numerum
587 269 719 322 aquenum
743 255 826 324 hujus
849 257 917 312 belli

57 347 139 387 caum
150 333 177 387 in
196 330 280 385 ltalia
294 333 380 399 atque
397 330 532 400 Hispania
547 334 703 400 coemptum
719 333 840 387 miserat.
876 334 916 388 Eo

57 426 142 479 quum
147 407 326 477 ‘Eporedorix
338 405 577 476 Virdumarusque
588 408 727 463 venisseut
742 413 772 463 et
789 409 825 463 'de
839 415 917 464 statu

57 486 177 541 civitatis
195 485 394 553 cognovissent,
413 483 567 539 bituricum
591 485 723 541 Bibracte
746 488 783 543 ab
800 486 916 543 'Aeduis

57 567 207 632 receptum,
219 562 293 631 quod
304 565 348 615 est
359 561 491 630 oppidum
502 561 578 630 apud
590 573 636 617 eos
650 564 786 618 maximae
797 567 916 621 auctori-

57 639 133 706 tatis,
145 638 389 694 Conuictolitauem
400 638 594 707 magistratum
607 655 789 708 magnamque
804 646 914 709 partem

58 721 172 772 senatus
183 717 219 771 ad
231 733 295 771 eum
305 717 473 784 conuenisse,
486 716 593 785 legatos
605 716 642 770 ad
660 717 914 787 Vercingetorigem

58 794 94 849 de
107 809 175 864 pace
186 797 216 848 et
227 792 347 848 amicitia
358 793 527 848 concilianda
537 792 648 862 publice
658 794 764 861 missos,
773 810 826 847 non
836 811 915 864 prrae-

60 870 270 925 termittendum
282 872 391 924 tantum
403 869 576 924 commodum
589 870 822 925 existimaverunt.
859 872 916 925 lta-

59 963 114 1016 que
131 947 286 1002 interiectis
304 945 459 1001 Novioduni
476 945 644 1013 custodibus,
661 947 766 1016 quique
782 963 816 1001 eo
831 964 914 1016 nego·
1019 999 1026 1012 ,
1076 936 1078 961 ¹

58 1024 146 1079 tiandi
165 1027 215 1078 aut
232 1022 343 1078 itineris
360 1023 811 1091 causaconrenerantpecuuiam
830 1029 915 1091 atquo

59 1116 145 1169 equos
156 1101 230 1155 inter
242 1116 272 1155 se
284 1099 381 1169 partiti
397 1101 477 1164 sunt;
494 1098 605 1153 obsides
621 1099 764 1153 civitatum
783 1098 915 1154 Bibracte

58 1175 96 1229 ad
105 1177 296 1245 magistratum
306 1172 484 1230 deducendos
495 1179 675 1241 curaverunt3
687 1175 827 1244 oppidum,
840 1175 915 1244 quod

58 1251 94 1305 ab
105 1268 136 1307 se
148 1253 237 1307 teneri
248 1269 304 1306 non
315 1268 396 1321 posse
404 1250 576 1319 judicabant,
588 1267 624 1305 ne
636 1252 679 1305 cui
691 1254 766 1307 esset
778 1252 843 1306 'usui
860 1252 915 1306 lto·

58 1329 147 1383 mauis
169 1326 620 1395 incenderunt;'irumenti.quod
642 1326 735 1381 subito
762 1332 914 1396 potuerunt

58 1404 175 1459 munus
185 1407 343 1470 avexerunt,
355 1402 493 1471 reliquum
505 1402 617 1456 flumine
626 1406 710 1471 atque
719 1403 846 1458 incendio
855 1420 914 1458 eor-

57 1484 208 1549 ruperunt3
230 1480 284 1549 ipsi
306 1496 342 1534 ex
365 1478 490 1533 finitimis
512 1478 671 1547 regionibus
693 1480 785 1548 copias
806 1496 914 1548 eogere,

57 1554 196 1625 praesidia
211 1556 405 1624 custodiasque
420 1555 457 1609 ad
471 1555 545 1624 ripas
558 1554 667 1623 Ligeris
676 1555 828 1624 disponere,
840 1557 915 1625 equi·

58 1635 202 1701 tutumque
211 1632 338 1687 omnibus
347 1631 413 1685 locis
421 1630 561 1699 injiciendi
570 1632 678 1686 timoris
685 1648 767 1686 causa
774 1636 914 1687 ostentare

57 1712 214 1778 coeperunt,
226 1709 250 1763 si
261 1709 296 1764 ab
308 1726 339 1763 re
350 1707 531 1762 frumentaria
548 1709 686 1762 Romanos
701 1709 849 1762 excludere
865 1713 918 1772 aut¹

57 1784 300 1853 adductosin'opia
313 1801 347 1838 ex
360 1784 499 1852 provincia
510 1784 658 1838 excludere
669 1788 790 1851 possent.
826 1786 913 1849 Quam

57 1860 95 1915 ad
103 1865 191 1930 ‘spe'm
209 1862 327 1915 multum
345 1859 649 1929 eosJadjurabat,·quod
662 1861 746 1929 Liger
758 1876 792 1914 ex
804 1861 915 1916 nivibus

58 1941 183 1993 creverat
194 1941 227 2008 ut
238 1937 348 1991 omnino
360 1935 430 1990 vado
442 1953 496 1989 non
509 1952 589 2005 posse
600 1937 714 1991 transiri
726 1937 877 1992 videretur.

109 2020 150 2070 56.
187 2014 292 2080 Quibus
303 2012 386 2067 rebus
398 2012 514 2080 cognitis
531 2013 634 2067 Caesar
649 2012 844 2068 maturandum
861 2013 914 2068 sibi

57 2090 297 2158 censuit‘si'esset
311 2090 339 2144 in
355 2088 530 2158 perficiendis
545 2088 676 2157 pontibus
692 2089 914 2158 periclitandum,

57 2173 90 2223 ut
106 2169 183 2238 prius
201 2184 283 2238 quam
300 2168 394 2221 essent
411 2165 529 2234 majores
548 2182 581 2219 eo
599 2169 711 2220 coactae
727 2166 821 2234 copiae
835 2165 916 2218 dimi-

57 2249 141 2300 caret.
161 2245 248 2299 'Nam
264 2248 297 2299 ut
313 2246 482 2298 commutato
497 2242 610 2295 consilio
628 2241 683 2296 iter
699 2242 727 2295 iu
746 2242 914 2311 provinciam

57 2325 240 2389 converteret,
259 2320 289 2375 id
305 2323 419 2375 netum
443 2317 556 2387 quidem
579 2318 733 2372 necessario
756 2317 914 2372 faciundum

58 2399 247 2454 existimabat:
266 2405 350 2466 quum
368 2395 481 2449 infamia
498 2398 583 2463 atque
601 2394 752 2462 indignitas
767 2394 807 2447 rei
822 2397 853 2448 et
866 2411 914 2463 op

57 2476 163 2544 positus
175 2492 254 2529 mons
266 2474 394 2528 Cevenna
405 2472 565 2539 viarumque
577 2468 723 2525 difficultas
736 2469 913 2539 impediebat,

58 2555 117 2607 tum
128 2552 255 2617 maxime,
268 2549 342 2619 quod
354 2547 483 2616 abjuncto
496 2546 618 2601 Labieno
626 2550 711 2616 atque
719 2546 753 2600 iis
761 2546 915 2613 legionibus

58 2631 199 2697 quas‘una
215 2627 329 2681 miserat
346 2624 523 2679 vehementer
540 2623 665 2678 timebat.
703 2622 804 2691 Itaque
818 2621 914 2676 'admo-
992 2671 999 2684 ,

58 2705 124 2758 dum
135 2704 242 2772 magnis
254 2700 359 2756 diurnis
370 2703 454 2769 atque
466 2701 606 2753 noctumis
622 2697 768 2753 itineribus
783 2697 916 2752 coniectis

57 2781 153 2834 contra
171 2780 293 2833 omnium
310 2777 466 2845 opinionem
485 2775 521 2828 ad
539 2776 659 2843 Ligerim
678 2775 770 2839 renit3
788 2772 916 2842 vadoque

57 2871 109 2922 per
135 2856 243 2923 equites
272 2856 384 2907 invento
413 2869 464 2921 pro
491 2851 532 2904 rei
559 2852 725 2906 necessitate
753 2855 916 2919 opportuno,

57 2932 90 2982 ut
112 2929 225 2983 brachia
247 2928 330 2982 modo
353 2932 438 2996 atque
461 2927 569 2980 humeri
594 2926 630 2981 ad
654 2927 817 2981 sustinenda
838 2943 916 2980 arma

57 3001 137 3055 liberi
156 3002 191 3054 ab
208 3018 279 3070 aqua
293 3018 354 3055 esse
367 3005 495 3070 possent,
505 3001 639 3070 disposito
655 3003 781 3071 equitatu
796 3002 844 3070 qui
859 3002 915 3056 rim

57 3075 177 3129 fluminis
191 3078 364 3143 refringeret,
379 3080 464 3145 atque
479 3073 606 3130 hostibus
622 3079 711 3166 primo
726 3083 840 3146 aspectu
853 3092 916 3144 per-

58 3148 186 3216 turbatis,
203 3150 525 3208 incolumemeirerciturn
541 3153 718 3222 transduxit3
735 3153 916 3208 frumentum-

14 3303 59 3337 h„
