2175 3409
177 172 1028 317 mulutrffldtltutzaaltdx

178 325 342 392 contineant,
357 339 442 393 quum
458 339 521 378 suas
537 324 654 395 quisque
671 340 738 394 opes
752 341 815 379 oum
830 323 1028 395 potentissimis

178 400 290 468 aequari
303 400 404 459 videet.

230 482 271 531 23.
307 475 474 531 Civitatibus
495 477 616 532 maxima
639 477 699 531 laus
721 479 766 531 est
788 492 872 546 quam
894 476 1028 532 latisdme

177 551 278 605 circam
290 568 321 607 se
332 552 447 607 vastatis
458 552 559 606 finibus
570 552 731 607 solitudines
746 551 856 607 habere.
892 552 953 606 Hoc
966 569 1029 622 pro

177 627 267 695 prium
284 627 395 683 virtutis
417 627 585 695 existimant,
602 627 730 697 expulsos
747 628 820 696 agris
837 627 968 681 finitimos
984 644 1028 682 ce-

179 701 246 756 dere
258 720 348 773 neque
360 719 524 772 quemquam
540 719 627 772 prope
642 702 744 757 audere
760 703 923 757 consistere:
942 704 1024 757 simul

178 776 229 832 hoc
242 795 272 833 se
286 779 346 833 iore
361 779 480 833 tutiores
498 779 670 833 arbitrantur
689 779 848 847 repentinae
865 779 1027 833 incursionis

179 853 278 908 timore
295 854 410 908 sublato.
446 855 537 920 Quum
554 854 657 908 bellum
674 855 770 908 civitas
787 856 836 909 aut
853 854 959 908 illatum
979 855 1027 908 de-

178 929 267 983 fendit
287 932 337 984 aut
354 928 447 997 infert,
458 929 637 997 magistratum
654 930 702 998 qui
721 930 747 984 ei
766 930 838 984 bello
856 930 977 999 praesint
995 932 1029 984 ut

178 1004 252 1058 vitae
263 1004 393 1074 necisque
404 1004 525 1060 habeant
537 1007 703 1074 potestatem
716 1005 883 1074 deliguntru.
914 1004 948 1058 In
960 1021 1027 1074 pace

179 1079 270 1142 nullus
281 1082 326 1134 est
341 1079 491 1134 communis
514 1081 700 1148 magistratus,
718 1082 768 1134 sed
783 1080 918 1149 principes
937 1080 1027 1148 regie
1058 1117 1060 1121 -

125 1172 129 1176 ’
179 1171 246 1208 num
257 1157 342 1223 atque
353 1171 485 1224 pagorum
496 1155 570 1209 inter
582 1172 646 1209 suos
652 1155 701 1224 jus
710 1155 805 1210 dieunt
818 1157 1028 1210 controversias·

179 1247 235 1299 quo
246 1231 379 1286 minuunt
408 1231 564 1286 Latrocinia
575 1231 677 1285 nullam
686 1231 789 1285 habent
797 1230 945 1300 infamiam,
955 1248 1027 1300 quae

179 1309 259 1361 extra
270 1305 339 1360 fines
352 1306 484 1375 cujusque
499 1306 618 1361 civitatis
634 1307 711 1374 fiunt,
723 1310 808 1376 atque
824 1323 857 1361 ea
873 1305 1029 1375 juventutis

179 1381 520 1438 exercendaeacdesidiae
528 1381 692 1437 minuendae
701 1399 783 1436 causa
791 1382 851 1437 fieri
860 1382 1028 1453 praedicant.

180 1459 276 1528 Atque
287 1458 335 1513 ubi
346 1458 408 1528 quis
419 1475 455 1512 ex
465 1458 632 1528 principibus
643 1458 671 1511 in
683 1458 795 1512 concilio
807 1458 879 1513 dixit
887 1475 917 1512 se
929 1451 1028 1513 ducem

178 1535 245 1602 iore,
257 1534 305 1604 qui
317 1534 395 1602 sequi
406 1534 492 1588 velint
503 1535 699 1604 profiteantur3
718 1537 884 1603 consurgunt
900 1534 919 1586 ii
935 1534 982 1603 qui
998 1537 1028 1588 et

179 1627 287 1665 causam
299 1613 329 1665 et
340 1610 477 1664 homiuem
486 1608 610 1679 probant,
619 1625 752 1679 suumque
761 1609 890 1664 auxilium
900 1609 1028 1679 pollicen-

179 1689 227 1740 tur
235 1688 319 1754 atque
331 1685 366 1738 ab
378 1685 556 1739 multitudine
567 1684 768 1740 collaudantur:
782 1686 875 1756 quiex
888 1686 929 1740 his
940 1684 1028 1739 secuti

179 1777 233 1814 non
249 1760 357 1815 suntin
373 1760 545 1816 desertorum
561 1777 593 1815 ac
608 1760 778 1830 proditorum
795 1777 908 1814 numero
926 1760 1029 1815 ducam·

179 1838 235 1903 tur,
244 1836 419 1904 omniumque
430 1835 473 1889 his
484 1852 576 1891 rerum
587 1841 684 1905 postea
692 1836 761 1891 fides
773 1836 930 1904 derogatur.
956 1836 1028 1889 Hos-

180 1909 266 1979 pitem
278 1911 378 1965 violare
390 1912 433 1965 las
448 1927 502 1965 non
517 1915 631 1981 putant;
652 1911 699 1981 qui
715 1927 876 1980 quacumque
892 1910 928 1965 de
945 1926 1028 1965 causa

180 1985 217 2042 sd
228 2001 275 2040 eos
286 1990 428 2055 venerunt,
437 1986 472 2041 ab
482 1986 582 2055 injuria
590 1986 737 2057 prohibent
746 1991 908 2054 sanctosque
916 1986 1027 2053 habent,

179 2060 278 2130 hisque
289 2061 410 2115 omnium
421 2061 519 2116 domus
530 2064 629 2131 patent
640 2062 782 2133 victusque
794 2061 1017 2116 communicatur.

232 2142 274 2190 24.
309 2137 353 2192 Ac
374 2136 428 2192 fuit
451 2140 533 2192 antea
556 2141 666 2207 tempus
683 2155 767 2207 quum
788 2137 937 2192 Germanos
957 2136 1029 2191 Galli

180 2210 284 2267 virtute
300 2215 470 2281 superarent,
486 2213 559 2268 ultro
573 2212 646 2268 bella
661 2213 801 2280 inferrent,
813 2216 927 2281 propter
943 2212 1028 2266 homi-

179 2304 245 2341 num
272 2288 477 2343 multitudinem
508 2289 623 2358 agrique
650 2288 768 2358 inopiam
796 2290 874 2342 trans
902 2287 1028 2342 Rhenum

180 2362 300 2417 colonias
322 2364 473 2419 mitterent
510 2364 610 2433 Itaque
629 2381 663 2418 ea
681 2380 752 2433 quse
771 2362 940 2419 fertilissima
961 2365 1028 2419 Ger-

180 2439 288 2494 maniae
315 2444 380 2495 sunt
407 2439 466 2495 loca
492 2440 596 2495 circum
624 2440 789 2509 Hercyniam
818 2440 921 2507 silvam,
946 2457 1028 2510 quam

181 2514 564 2584 Eratosthenietquibusdam
572 2516 1028 2584 Graeoislamanotamessevideo,

180 2607 264 2659 quam
280 2590 320 2645 illi
336 2590 481 2661 Orcyniam
496 2592 643 2662 appellant,
654 2590 757 2646 Volcae
772 2592 936 2661 Tectosages
952 2608 1030 2646 oocu-

180 2669 316 2735 paverunt
340 2671 425 2736 atqua
448 2666 486 2722 ibi
509 2667 700 2723 consederunt.
737 2668 813 2734 Quae
833 2684 901 2736 gens
921 2667 958 2721 ad
978 2668 1029 2721 hoc

180 2745 290 2810 tempus
313 2741 356 2796 his
379 2743 490 2797 sedibus
513 2760 574 2799 sose
597 2743 720 2799 continet
738 2759 925 2811 summamque
943 2743 1029 2798 habet

177 2817 305 2886 justitiae
316 2821 346 2872 et
362 2818 475 2874 bellicae
491 2818 581 2873 laudis
599 2819 766 2889 opinionem:
783 2836 855 2874 nunc
874 2836 982 2888 quoquo
1000 2820 1028 2872 in

181 2892 279 2960 eadem
294 2892 540 2963 inopiaegestate,
556 2897 690 2965 patientia
706 2913 760 2965 qua
777 2896 906 2952 Germani
925 2912 1030 2965 perma-

181 2971 255 3035 nent,
274 2968 372 3024 eodem
390 2969 465 3024 victu
488 2974 518 3024 et
540 2971 617 3026 multu
639 2972 759 3040 eorporis
781 2975 904 3026 utuntur.
943 2970 1028 3025 Gallis

181 3046 275 3099 autem
294 3043 452 3100 Provinciae
469 3045 660 3115 propinquitas
677 3050 708 3100 et
725 3046 967 3099 transmarinarum
987 3060 1028 3097 re

181 3134 244 3175 rum
266 3119 367 3175 notitia
388 3119 475 3176 multa
502 3120 540 3175 ad
566 3121 673 3191 copiam
701 3122 785 3188 atque
812 3134 878 3172 usus
904 3119 1029 3187 largitur.

1010 3323 1083 3381 *A
