2175 3409
83 101 132 151 itt
345 98 376 163 O.
395 96 415 146 J
418 95 498 146 ULII
516 94 693 144 onustius

136 182 176 238 72.
212 177 318 242 Quibus
332 176 417 231 rebus
440 192 476 230 ex
496 175 620 245 perfugis
640 178 670 230 et
684 173 801 244 captivis
819 173 935 241 cognitis

84 256 185 310 Caesar
195 253 262 308 11111
274 269 375 321 genera
386 253 542 308 munitionis
551 252 676 307 instituit.
713 252 826 306 Fossam
834 253 936 322 pedum

83 347 122 385 xx
134 330 246 386 directis
255 329 388 384 lateribus
399 329 481 384 duxit
491 332 524 383 ut
536 329 598 396 ejus
613 329 701 383 fossae
715 329 803 382 solnm
816 333 937 384 tantum·

84 409 148 462 dem
159 411 268 477 pateret
280 409 413 475 quantum
425 421 530 459 summa
538 404 617 458 labra
624 404 772 459 distabant.
807 405 937 474 Reliquis

83 501 178 539 omnes
191 483 354 538 munitiones
369 483 405 536 ab
420 483 539 537 1111111
555 481 642 551 pedes
659 497 693 535 cn
707 480 827 550 reduxit,
840 483 871 537 id
884 485 937 537 boc

84 560 203 627 consilio,
214 560 342 629 quoniam
353 563 462 614 tantum
474 561 549 613 esset
565 559 718 613 necessario
733 559 853 629 spatimn
867 576 938 614 com·

73 636 182 706 plexus
192 652 243 691 nec
254 636 334 691 facile
346 638 436 689 totum
447 651 517 704 opus
527 651 628 689 corona
639 635 757 690 militum
772 635 936 704 cingeretur,

85 728 120 766 ne
132 712 168 766 de
179 712 327 782 improviso
338 715 387 766 aut
396 715 481 780 noctu
492 711 529 765 ad
539 712 706 766 munitiones
715 712 937 766 hostium'multi-

84 788 154 843 tudo
169 788 319 858 advolaret,
335 792 385 843 aut
399 788 521 843 interdiu
532 788 590 843 tela
600 789 629 841 in
640 787 748 843 nostros
759 789 836 857 operi
852 789 937 842 desti·

85 868 164 919 natos
184 865 318 935 conjicere
338 869 456 934 possent.
492 866 555 920 Hoc
576 865 733 918 intermisso
757 865 845 934 spatio
869 865 938 919 duas

85 943 171 997 fossas
182 958 220 997 xv
233 942 320 1013 pedes
335 942 413 1008 latas,
428 942 526 998 eadem
542 940 689 996 altitudine
706 941 854 1009 perduxit;
872 960 938 1010 qua-

85 1035 146 1073 rum
164 1020 322 1074 interiorem
336 1017 535 1088 campestribus
550 1033 582 1071 ac
596 1017 722 1071 demissis
735 1016 802 1070 locis
815 1034 888 1086 aqna
902 1035 938 1072 ex

86 1095 197 1150 flumine
214 1095 338 1150 derivata
355 1094 510 1163 complevit.
547 1093 614 1147 Post
629 1095 826 1162 easag'gerem
837 1095 938 1148 11111-

86 1173 143 1226 lum
163 1188 206 1227 x11
226 1172 329 1242 pedum
347 1171 498 1235 exstruxit3
514 1170 580 1224 huic
598 1170 709 1225 loricam
722 1171 875 1240 pinnasque
890 1171 939 1225 ad-

82 1247 159 1318 jecit,
170 1249 319 1318 grandibus
330 1247 418 1303 cervis
429 1246 613 1301 eminentibus
624 1247 661 1301 ad
672 1247 861 1302 commissuras
879 1247 939 1317 plu-

86 1328 194 1380 teorum
211 1329 296 1395 atque
311 1324 418 1394 aggeris
434 1324 481 1392 qui
497 1323 769 1378 ascensumbostinm
781 1324 939 1390 tardarent;
967 1339 970 1344 ·

86 1406 116 1456 11
133 1406 224 1455 turres
235 1405 295 1456 toto
307 1417 389 1471 opero
401 1398 582 1455 circumdedit
593 1415 664 1468 quae
676 1400 762 1468 pedes
777 1415 853 1455 nm
866 1401 940 1455 inter

87 1494 117 1531 se
129 1477 272 1531 distarent.

139 1556 179 1610 73.
214 1554 283 1609 Erat
294 1553 391 1608 eodem
403 1556 527 1621 tempore
539 1554 569 1605 et
580 1551 719 1605 materiari
733 1555 762 1607 et
776 1553 945 1612 frumentari.

86 1632 116 1682 et
127 1632 219 1683 tantas
230 1629 393 1685 munitiones
405 1628 465 1682 fieri
477 1631 587 1682 necesse
595 1627 736 1681 diminutis
745 1630 845 1683 nostris
854 1630 940 1699 copiis

86 1721 156 1773 quae
179 1705 285 1772 longius
303 1704 338 1758 ab
361 1704 459 1759 castris
476 1702 737 1773 progrediebantur:
759 1721 940 1760 acnonnum·

87 1796 169 1848 quam
188 1796 272 1850 opera
286 1784 382 1835 nostra
396 1779 469 1834 Galli
486 1782 596 1834 tentare
613 1783 698 1848 atque
716 1780 940 1850 eruptionemex

87 1856 188 1926 oppido
211 1856 335 1927 pluribus
358 1855 445 1925 portis
469 1872 576 1909 summa
598 1855 626 1909 11
648 1855 748 1910 tacerel
762 1858 939 1914 conabantur.

88 1933 180 1997 Quare
191 1933 306 1987 adhaec
320 1949 417 1986 rursus
433 1948 517 2002 opera
530 1930 690 1986 addendum
707 1932 809 1987 Caesar
824 1935 940 2003 putarit,

88 2027 142 2078 quo
153 2011 257 2064 minore
268 2025 383 2063 numero
394 2008 513 2062 militnm
524 2007 690 2062 munitiones
699 2007 813 2062 defendi
821 2015 940 2079 possent

88 2087 187 2156 Itaque
199 2086 304 2140 truncis
321 2084 450 2139 arborum
465 2087 514 2138 aut
529 2084 678 2138 admodum
694 2084 780 2138 firmis
794 2086 879 2139 ramis
895 2087 942 2140 ab

87 2163 178 2217 scissis
186 2166 270 2232 atque
281 2162 379 2215 horum
391 2159 576 2216 delibratisac
587 2162 742 2229 praeacutis
758 2162 941 2217 cacuminibus

87 2243 238 2309 perpetuae
249 2239 339 2293 fossae
355 2239 452 2306 quinos
465 2237 552 2307 pedes
569 2236 644 2291 altae
660 2237 840 2293 ducebantur.
877 2239 941 2294 Huc

87 2315 128 2368 illi
151 2316 260 2385 stipites
284 2314 396 2369 demissi
419 2317 448 2368 et
471 2313 506 2367 ab
529 2313 623 2366 infimo
646 2313 761 2368 revincti
783 2331 820 2368 ne
846 2315 941 2370 revelli

87 2395 201 2458 possent
211 2392 247 2446 ab
258 2393 341 2445 ramis
356 2390 522 2445 eminebant.
559 2389 642 2455 Quini
656 2394 737 2444 erant
753 2390 862 2445 ordines
879 2407 940 2445 con-

83 2466 175 2533 juncti
192 2468 266 2522 inter
283 2484 312 2522 se
329 2470 414 2534 atque
430 2466 569 2535 implicati,
584 2482 638 2533 quo
656 2467 703 2535 qui
718 2466 897 2534 intraverant,
911 2484 942 2522 so

87 2543 141 2611 ipsi
164 2544 328 2598 acutissimis
345 2543 423 2597 vallis
440 2541 599 2596 induebant.
635 2543 696 2597 Hos
714 2545 806 2613 cippos
824 2544 944 2614 appella,

88 2617 163 2672 bant.
199 2621 275 2673 Ante
292 2620 342 2673 hos
360 2619 477 2688 obliquis
495 2618 636 2674 ordinibus
650 2620 678 2673 in
693 2621 871 2690 quincuncem
887 2621 943 2675 dis-
1000 2639 1002 2644 ’

88 2694 185 2762 positis
197 2696 305 2750 scrobes
316 2695 401 2750 trium
416 2697 444 2749 in
459 2695 633 2750 altitudinem
651 2696 754 2766 pedum
767 2696 943 2751 fodiebantur

89 2770 231 2839 paullatim
242 2772 399 2839 angustiore
413 2772 452 2826 ad
467 2771 591 2825 intimum
607 2773 723 2842 fastigio.
761 2773 825 2826 Huc
839 2776 943 2827 teretes

90 2846 199 2912 stipites
221 2841 330 2900 leminis
352 2848 540 2916 crassitudine,
558 2848 594 2902 ab
617 2865 724 2904 summo
746 2850 890 2921 praeacuti
913 2854 945 2903 et

89 2922 228 2987 praeusti,
249 2922 467 2978 demittebantur
496 2925 537 2978 ita
561 2930 595 2980 ut
620 2943 673 2980 non
700 2927 820 2996 amplius
848 2927 945 2995 digitis

91 2998 210 3060 quatuor
240 3012 275 3049 ex
302 3002 378 3053 terra
405 3002 572 3056 eminerent:
597 3003 676 3057 simul
705 3004 885 3058 confirmandi
914 3009 945 3058 et

91 3067 247 3123 stabiliendi
258 3087 339 3126 causa
354 3075 453 3142 singuli
470 3077 506 3131 ab
520 3077 614 3131 infimo
631 3080 687 3133 solo
702 3081 789 3150 pedes
804 3081 882 3135 terra
897 3098 945 3136 ex-

91 3139 282 3207 culcabantnn
298 3145 404 3214 reliqua
415 3167 479 3217 pars
491 3153 595 3208 scrobis
602 3155 638 3207 ad
648 3156 823 3211 occultandas
831 3157 946 3212 insidias
