2175 3409
480 108 592 157 arnna
609 109 674 157 vn.
954 111 1000 159 ιιι
1080 91 1082 112 ‘

197 196 246 245 tt.
283 189 420 258 Singulari
443 188 566 245 militum
583 193 740 246 nostrornm
766 190 863 247 uirtuti
892 192 1003 255 consilia

152 266 286 336 cuiusque
306 265 379 319 modi
399 265 539 320 Gallorum
558 267 745 333 occurrebant,
762 271 796 322 ιιι
814 271 858 321 est
881 284 1003 321 summae

152 360 238 411 genus
250 343 388 396 sollertiae
404 346 489 410 atque
503 342 541 396 ad
557 343 649 397 omnia
664 343 799 397 imitanda
814 347 845 398 et
862 343 1003 398 efficienda

81 484 83 488 .
153 436 224 488 quae
236 418 271 472 ab
283 434 393 487 quoque
404 417 551 472 tradantur
561 419 741 487 aptissimum.
773 420 800 473 ri
801 437 846 474 am
858 423 888 474 et
899 419 1003 486 laqueis

152 495 236 549 falces
256 494 425 560 avertebant,
445 510 512 561 quas
530 512 616 563 quum
634 495 839 550 destinaverant
856 496 1004 550 tormentis

152 572 288 625 introrsus
311 569 497 635 reducebant;
520 575 550 625 et
565 588 693 639 aggerem
712 572 842 627 cuniculis
860 570 1004 625 subtrahe-

152 646 227 712 bant,
239 663 271 700 eo
284 646 413 701 scientius
428 646 503 715 quod
519 646 593 715 apud
604 664 651 701 cos
663 664 778 715 magnae
789 650 854 701 sumt
865 647 1003 715 ferrariae,

152 728 238 792 atque
256 740 337 777 omne
350 739 437 790 genus
450 721 638 777 cuniculorum
655 728 751 778 notum
769 727 854 792 atque
870 724 1002 777 usitatum

153 803 203 854 est.
239 800 337 853 Totum
349 793 442 856 autem
454 815 563 852 murum
575 815 609 853 ex
620 800 695 853 omni
710 804 791 869 parte
804 799 927 854 turribus
940 816 1003 853 oon·

152 876 343 930 tabulaverant
354 879 438 945 atquc
450 874 500 928 has
511 875 592 930 coriis
609 875 773 931 intererant.
809 877 879 929 'lum
897 874 1002 930 crebris

153 951 259 1005 diurnis
270 951 465 1021 nocturnisque
476 951 666 1022 eruptionibus
677 957 726 1006 ant
742 953 838 1022 aggeri
852 952 946 1021 ignem
963 951 1003 1004 in·

152 1028 285 1097 ferebant,
298 1031 347 1083 aut
361 1029 463 1083 milites
480 1031 626 1096 occrrpatos
643 1028 672 1081 in
690 1045 773 1097 opere
793 1027 1003 1093 adoriebantur,
1063 1031 1072 1042 ⁴

153 1107 347 1160 etnostrarum
355 1104 472 1158 turrium
482 1104 663 1171 altitudinem,
677 1108 810 1172 quantum
821 1104 871 1157 has
884 1104 1003 1172 quotidi-

153 1197 221 1234 anus
232 1197 317 1249 agger
325 1183 508 1250 expresserat,
517 1180 668 1234 commissis
676 1197 787 1233 suarum
796 1180 914 1234 turrium
923 1180 1002 1233 malis

153 1256 359 1326 adaequabant3
370 1260 400 1311 et
408 1259 518 1325 apertos
526 1255 665 1310 cuniculos
674 1259 803 1325 praeusta
811 1259 842 1310 et
853 1259 1001 1325 praeacuta

152 1333 269 1387 materia
289 1336 319 1387 et
341 1333 401 1402 pice
420 1331 569 1386 fervefacta
591 1335 621 1386 ct
643 1331 755 1386 maximi
777 1332 906 1402 ponderis
930 1333 1002 1385 saxis

153 1409 330 1467 morabantur
341 1407 537 1477 moenibusque
549 1408 767 1477 appropinquare
778 1407 965 1478 prohibebant.

205 1491 247 1542 2³.
282 1486 370 1540 Muris
381 1489 474 1540 autem
486 1484 612 1538 omnibus
626 1484 738 1539 Gallicis
754 1485 822 1540 haec
839 1486 897 1540 fere
914 1486 1001 1541 forma

152 1565 202 1617 est.
240 1562 343 1616 Trabes
356 1562 485 1629 directae,
498 1564 648 1629 perpetuae
663 1561 692 1614 in
707 1561 913 1630 longitudinem,
930 1562 1002 1632 pari·

57 1648 59 1651 ⁴
152 1638 204 1691 bus
217 1638 375 1705 intervallis,
393 1637 529 1692 distantes
548 1637 668 1691 interae
685 1637 764 1691 binos
782 1639 876 1707 pedes,
893 1639 922 1691 in
943 1639 1002 1693 solo

152 1714 331 1770 collocantur:
345 1714 397 1768 hae
409 1713 596 1768 revinciuntur
606 1712 741 1767 introrsus
753 1717 783 1767 et
796 1712 884 1768 multo
899 1731 1001 1783 aggere

152 1791 314 1846 vestiuntur.
344 1792 485 1844 Faautem
494 1803 566 1858 quae
575 1788 693 1842 diximus
702 1790 845 1844 intervalla
852 1790 1002 1858 grandibus

152 1867 180 1921 in
192 1866 282 1921 fronte
294 1867 367 1920 saxis
379 1864 562 1920 cilarciuntur.
597 1864 651 1919 His
665 1865 803 1919 collocatis
816 1869 846 1920 et
860 1882 1002 1934 coagmen-

152 1943 219 1997 tatis
235 1942 304 1996 alius
321 1942 433 2010 insuper
454 1940 522 1994 ordo
540 1940 676 2009 adjicitur,
693 1944 726 1995 ιιι
742 1941 816 1995 idem
833 1941 901 1995 illud
918 1943 946 1994 in
947 1944 1002 1996 t-‘er

152 2019 252 2073 vallum
267 2021 392 2073 servetur
409 2034 498 2085 neque
515 2017 589 2071 inter
607 2034 638 2071 se
654 2018 814 2086 contingant
831 2017 933 2085 trabes,
951 2018 1001 2071 scd

152 2095 263 2164 paribus
282 2094 453 2149 intermissae
464 2092 561 2163 spatiis
573 2093 695 2161 singulae
707 2091 820 2161 singulis
832 2094 904 2169 saxis
915 2060 1001 2148 ibtcr·

147 2170 232 2239 jectis
252 2174 313 2225 arte
331 2170 531 2224 contineantur.
555 2170 607 2224 Sic
615 2169 746 2238 deinceps
762 2183 853 2223 omno
860 2163 928 2238 opus
942 2185 1003 2223 eon-

151 2247 264 2315 texitur,
276 2247 343 2301 dum
354 2245 433 2315 justa
445 2262 516 2299 mun
509 2245 649 2299 altitudo
661 2245 812 2313 expleatur
842 2245 904 2298 Hoc
916 2261 1000 2314 quum

150 2322 181 2377 in
193 2324 310 2392 speciem
321 2322 539 2391 varietatemque
554 2338 621 2389 opus
633 2321 757 2375 deforme
768 2338 822 2375 non
834 2324 878 2375 est
888 2321 1001 2375 alternis

151 2398 278 2452 trabibus
289 2414 321 2452 ac
333 2401 413 2467 saxis,
420 2414 491 2467 quae
502 2398 586 2451 rectis
594 2397 674 2451 lineis
686 2413 749 2451 suos
761 2397 871 2452 ordines
883 2404 1000 2465 servam,

151 2478 212 2530 tum
223 2474 260 2528 ad
267 2474 417 2529 utilitatem
425 2477 455 2528 et
463 2474 649 2528 defensionem
657 2473 767 2527 urbium
777 2490 909 2528 summam
916 2473 1002 2529 habet

150 2550 400 2620 opportunitatem
426 2550 501 2620 quod
513 2553 542 2605 et
553 2550 589 2604 ab
599 2550 725 2604 incendio
736 2550 807 2619 lapis
825 2554 855 2605 et
866 2549 903 2604 ab
914 2551 1002 2605 arieto

149 2627 266 2681 materia
278 2627 410 2696 defendit,
424 2643 495 2695 quae
513 2626 654 2695 perpetuis
670 2626 796 2680 trabibus
812 2627 906 2696 pedes
916 2627 1003 2697 quad-

149 2719 267 2771 ragenos
282 2703 444 2772 plerumque
461 2702 597 2756 introrsus
614 2702 737 2756 revincta
754 2719 844 2773 neque
860 2702 1002 2820 perrumpi

149 2796 240 2850 neque
252 2779 368 2834 distrahi
379 2782 480 2849 potest

202 2861 243 2911 24.
271 2856 325 2910 His
342 2858 386 2910 tot
408 2854 492 2909 rebus
510 2854 645 2924 impedita
667 2854 869 2923 oppugnatione
892 2813 1002 2921 milites,

149 2949 235 3003 quum
246 2937 307 2988 toto
319 2938 445 3001 ternpore
463 2931 552 3001 [luta]
563 2932 666 2999 frigore
683 2934 713 2984 et
733 2930 850 2984 assiduis
869 2931 1002 2984 imbribus

149 3011 336 3081 tardarentur,
342 3014 436 3065 tamen
448 3008 599 3063 continenti
611 3005 704 3061 labore
716 3008 807 3061 omnia
823 3007 891 3061 haec
909 3023 1003 3074 super-

148 3093 314 3144 aversarer
334 3087 433 3142 diebus
451 3101 509 3140 xxv
527 3097 664 3153 angerem,
680 3083 773 3137 latum»
785 3083 871 3151 pedes
889 3094 1002 3145 coonx,

147 3155 243 3223 ultumx
265 3166 352 3235 podes
380 3178 456 3219 nxxx
485 3162 688 3216 exstruxerunt.
723 3159 813 3222 Quum
841 3159 866 3209 is
893 3169 1001 3207 murum

1018 3310 1082 3377 Α
