2175 3409
73 107 122 157 148
332 105 362 155 G.
380 103 482 153 JULII
499 101 677 150 onustius·

71 185 153 255 longe
169 184 245 239 aliud
263 183 316 238 sibi
329 183 492 252 eapiendum
510 180 653 236 eonsilium
669 182 756 248 atque
772 183 856 234 autea
871 197 932 234 sen-

72 264 147 316 serat
176 259 356 328 intelligebat,
384 275 474 328 neque
496 257 558 327 jam
588 259 620 310 ut
643 256 749 325 aliquid
774 255 951 325 acquireret

71 338 230 406 proelioque
247 336 341 389 hostes
356 335 514 401 lacesseret,
533 333 584 387 sed
599 336 632 387 ut
647 332 811 400 ineolumem
828 334 932 387 exerei-

72 417 132 466 tum
149 411 323 480 Agendioum
340 411 495 479 reduceret,
511 408 659 478 cogitabat.
695 408 824 479 Namque
841 409 931 468 altera

72 505 108 541 ex
131 492 211 556 parte
234 486 380 553 Bellovaci,
404 503 475 555 quae
498 487 595 541 civitas
616 486 646 539 in
671 485 761 540 Gallia
783 486 930 540 maximam

71 562 157 618 habet
177 563 333 632 opinionem
352 563 470 631 virtutis,
490 563 646 628 instabant;
668 562 785 616 alteram
804 562 930 617 Cumulo

71 656 159 707 genus
182 642 279 708 parato
301 642 387 708 atquo
406 639 542 696 instructo
563 640 688 693 exercitu
711 638 842 705 tenebat3
868 643 930 693 tum

71 715 193 783 legiones
216 732 233 769 a
255 714 394 784 praesidio
421 720 505 785 atque
532 715 739 784 impedimentis
766 714 930 770 interclusas

73 792 220 845 rsiaximum
239 791 341 846 flumen
362 790 519 846 distinebat.
556 791 650 856 Tantis
670 791 763 845 subito
784 790 929 844 difficulta-

72 868 147 920 tibus
173 866 290 937 objeotis
317 867 354 922 ab
377 867 461 922 animi
487 868 592 922 virtute
618 866 749 921 amilium
776 867 928 936 petendum

75 938 193 1001 ridebat.

23 1083 27 1098 Ι
125 1027 165 1075 60.
202 1020 302 1089 ltaque
319 1020 370 1075 snb
386 1035 531 1089 vesperum
546 1018 658 1072 oonsilio
673 1021 821 1073 convocato
835 1019 929 1072 eohor-

72 1100 149 1151 tatus
171 1101 204 1152 ut
227 1113 354 1165 eaquae
377 1096 539 1165 imperasset
566 1094 714 1163 diligenter
736 1094 935 1163 industrieque.

72 1174 304 1241 administrarent,
328 1190 410 1227 naves
434 1189 503 1242 quas
526 1170 566 1242 [a]
596 1172 745 1225 Meloduno
773 1171 929 1226 deduxerat

72 1250 193 1318 singulas
205 1250 345 1319 equitibus
362 1249 491 1303 Romanis
508 1247 645 1313 attribuit,
657 1252 688 1302 et
700 1248 789 1316 prima
804 1247 928 1302 confecta

72 1326 165 1394 uigilia
181 1341 212 1380 tv
230 1326 306 1380 milia
323 1341 453 1394 passuum
471 1323 590 1378 seeundo
608 1323 719 1380 flumine
738 1322 847 1377 silentio
864 1340 928 1391 pro

71 1401 152 1469 gredi
171 1402 266 1470 ibique
289 1418 319 1455 so
343 1399 497 1467 exspectari
516 1399 606 1467 jubet.
642 1400 771 1469 Quinque
793 1399 928 1468 eohortes,

72 1494 141 1546 quas
159 1477 270 1529 minime
289 1477 383 1530 firmas
401 1476 438 1529 ad
458 1476 643 1531 dimicandum
663 1493 729 1530 esse
742 1475 927 1544 existimabat,

71 1552 170 1608 eastris
181 1552 319 1621 praesidio
336 1552 481 1621 relinquit:
499 1568 517 1606 v
534 1551 660 1620 ejusdem
674 1552 789 1620 legionis
804 1552 928 1620 reliquas

71 1627 107 1682 de
130 1627 222 1682 media
245 1632 326 1684 noete
350 1645 412 1683 oum
436 1627 560 1683 omnibus
583 1627 787 1697 impedimentis
811 1627 928 1682 adverso

71 1704 184 1759 flumine
201 1722 301 1773 magno
318 1708 440 1761 tumultu
463 1707 600 1776 proficisci
621 1708 746 1777 imperat
782 1709 928 1777 Conquirit

72 1782 156 1835 etiam
173 1782 284 1837 lintres:
308 1782 359 1836 bas
374 1800 473 1852 magno
491 1784 584 1838 sonitu
600 1800 739 1838 remorum
755 1784 882 1838 incitatas
898 1785 928 1839 in

71 1857 187 1912 eandem
198 1860 306 1926 partem
319 1859 413 1913 mittit.
449 1860 514 1928 lpse
526 1864 590 1928 post
601 1859 693 1928 paullo
709 1860 818 1913 silentio
834 1876 928 1928 egres-

72 1950 118 1987 sus
135 1951 197 1988 oum
215 1932 303 1988 tribus
317 1934 470 2003 legionibus
491 1951 554 1989 eum
574 1936 664 1990 locum
681 1936 753 2005 petit
771 1953 825 2004 quo
843 1952 928 1990 naves

71 2011 171 2080 appelli
179 2011 311 2080 jusserat.
747 2069 750 2075 ,

123 2094 164 2143 61.
201 2088 241 2142 Eo
262 2105 346 2157 quum
364 2092 439 2142 esset
454 2091 575 2155 ventum,
593 2087 781 2157 exploratores
798 2088 927 2157 bostium,

70 2168 103 2221 ut
130 2164 204 2219 omni
227 2164 346 2218 fluminis
373 2167 453 2232 parte
479 2168 559 2218 erant
587 2164 721 2233 dispositi,
744 2166 927 2234 inopinantes,

71 2240 147 2309 quod
167 2257 266 2309 magna
285 2240 377 2295 subito
396 2243 458 2294 erut
478 2243 573 2294 coorta
591 2241 751 2309 tempestas,
770 2240 927 2296 abnostris

71 2318 276 2385 opprimuntur:
294 2317 433 2371 exereitus
450 2315 653 2385 equitatusque,
670 2317 810 2387 equitibus
826 2317 926 2372 Roma-

70 2392 114 2447 nis
125 2392 381 2447 administrantibus
396 2409 465 2461 quos
481 2392 507 2447 ei
522 2393 634 2461 negotio
651 2394 830 2463 praefecerat,
841 2393 927 2448 celer·

71 2468 127 2522 iter
137 2470 343 2524 transmittitur.
380 2468 442 2524 Uno
452 2469 512 2523 fere
523 2472 648 2538 tempore
669 2469 721 2524 sub
736 2469 827 2525 lucem
842 2469 927 2524 bosti-

71 2544 123 2598 bus
136 2546 281 2600 nunciatur
296 2545 325 2599 in
339 2545 438 2600 eastris
454 2545 640 2600 Romamrum
655 2551 768 2616 praeter
783 2551 927 2601 consuetu-

72 2620 164 2675 dinem
175 2622 338 2677 tumultuari
350 2629 380 2677 et
392 2639 518 2691 magnum
527 2623 568 2677 ire
575 2641 674 2691 agmen
683 2625 799 2679 aduerso
807 2624 926 2692 flumine,

72 2697 245 2767 sonitumque
256 2716 395 2754 remorum
412 2700 440 2753 in
452 2699 550 2754 eadem
563 2704 643 2770 parte
655 2700 781 2756 exaudiri
793 2703 823 2756 et
833 2700 927 2770 paullo

71 2772 144 2827 infra
158 2774 260 2829 milites
275 2776 389 2831 navibus
403 2777 594 2846 transportari.
629 2777 735 2843 Quibus
748 2777 833 2832 rebus
848 2776 927 2830 audi·

70 2848 115 2914 tis,
140 2848 215 2915 quod
238 2851 432 2907 existimabant
456 2852 546 2907 tribus
571 2854 638 2909 loeis
661 2854 781 2909 transire
803 2852 927 2922 legiones

71 2923 157 2987 atque
175 2938 269 2978 omnes
285 2927 463 2994 perturbatos
480 2927 634 2983 defectione
654 2930 816 2984 Aeduorum
831 2930 926 2997 lugam

71 3009 176 3062 parare,
188 3013 250 3051 suas
262 3003 476 3071 quoque·eopias
489 3003 518 3057 in
533 3008 592 3059 tres
605 3009 699 3075 partes
716 3006 926 3060 distribuenmt

72 3065 144 3118 Nam
167 3074 303 3135 praesidio
322 3091 338 3128 e
358 3079 469 3143 regione
487 3085 638 3135 castrorum
662 3078 767 3149 relieto,
788 3087 818 3137 et
840 3101 928 3152 parva

72 3151 154 3189 manu
167 3142 350 3201 Metiosedum
361 3166 456 3205 sersus
470 3154 562 3222 missa,
574 3173 644 3225 quae
659 3161 770 3212 tantum
781 3161 927 3228 progredi·

1078 354 1084 438 l
