2175 3409
476 129 598 176 'LIBER
615 129 681 176 VII.
962 131 1008 176 151

152 209 229 264 nulla
244 224 277 263 re
294 224 330 262 ex
348 208 492 262 Provincia
515 213 601 277 atque
625 207 709 263 ltalia
732 207 870 262 sublevari
890 208 1009 275 poterat,

152 288 229 340 trans
248 284 376 338 Rhenum
393 285 421 337 in
440 285 616 339 Germaniam
638 285 727 340 mittit
751 285 787 337 ad
811 300 859 337 eas
882 284 1009 338 civitates

152 378 220 429 quas
237 360 430 429 'superioribus
453 363 530 415 annis
553 364 708 431 pacaverat,
732 362 894 430 equitesque
911 360 947 414 ab
965 360 1009 414 his

152 438 267 492 arcessit
279 441 308 492 et
319 436 387 492 levis
395 443 552 493 arrnaturae
563 439 672 508 pedites
684 440 731 507 qui
742 439 815 492 inter
826 456 873 493 eos
882 438 1009 508 proeliari

152 517 357 569 consueverant.
400 515 504 569 Eorum
531 516 660 581 adventu,
685 516 761 584 quod
788 516 877 569 minus
901 515 1009 569 idoneis

153 591 231 659 equis
238 590 404 657 ,utebantur
416 608 434 645 a
449 592 701 646 tribunis·militum
713 591 881 660 reliquisque
893 590 955 660 [sed
967 589 1008 659 et]

153 668 293 740 equitibus
305 667 435 722 Romanis
447 671 532 737 atque
541 668 660 723 evocatis
668 684 754 737 equos
762 668 846 722 sumit
855 667 1009 722 Germanis-

154 761 208 813 que
220 743 371 799 distribuit.

206 827 247 876 66.
283 821 396 875 Interea
408 820 474 874 dum
486 820 555 875 haec
570 824 714 889 geruntur,
728 821 849 875 hostium
864 820 957 888 copiae
973 836 1007 873 cx

155 898 297 965 Arvernis,
315 898 485 967 equitesque,
503 897 552 966 qui
568 898 623 951 toti
641 897 746 952 Galliae
770 899 849 950 crant
871 896 1008 965 imperati,

84 1007 87 1020 κ
153 974 323 1028 conveniunt.
358 975 461 1043 Magno
469 974 568 1027 horum
577 977 671 1028 coacto
680 990 802 1041 numero,
811 990 897 1042 quum
907 973 1008 1027 Caesar

152 1050 181 1103 in
194 1051 336 1119 Sequanos
351 1066 402 1118 per
417 1054 557 1104 extremos
573 1050 725 1118 Lingonum
741 1050 811 1103 fines
826 1050 884 1103 iter-
897 1049 1008 1117 faceret,

153 1142 209 1194 quo
227 1125 334 1179 facilius
351 1124 504 1180 subsidium
522 1126 681 1182 Provinciae
694 1127 768 1180 ferre
781 1128 884 1195 posset,
899 1125 1009 1179 circiter

152 1203 228 1256 milia
239 1218 368 1270 passuum
380 1218 400 1255 x
411 1203 446 1256 ab
459 1203 589 1257 Romanis
600 1204 681 1257 trinis
689 1203 787 1258 cestris
796 1202 1007 1270 Vercingetorix

152 1278 287 1346 consedit,
298 1279 503 1346 convocatisque
515 1278 552 1332 ad
563 1279 706 1333 concilium
717 1278 864 1348 praefectis
876 1278 1009 1346 equitum,

153 1355 269 1410 Venisse
281 1358 390 1423 tempus
401 1355 531 1409 victoriae
544 1355 728 1409 demonstrat:
746 1356 843 1423 fugere
854 1354 882 1407 in
895 1353 1008 1407 Provin-

152 1432 222 1486 ciam
239 1432 377 1485 Romanos
393 1430 538 1500 Galliaque
553 1430 703 1485 excedere:
719 1430 750 1484 id
765 1431 818 1484 sibi
831 1429 869 1484 ad
881 1446 1009 1504 praesen-

153 1512 210 1563 tem
222 1507 399 1562 obtinendam
411 1505 578 1561 libertatem
588 1507 656 1561 satis
676 1523 751 1573 esse;
768 1507 805 1560 ed
822 1506 922 1576 reliqui
937 1510 1008 1561 tcm-

152 1585 227 1655 poris
238 1601 335 1653 pacem
347 1587 430 1651 atque
446 1583 533 1637 otium
543 1599 642 1653 parum
654 1583 757 1652 profici,
769 1583 918 1652 majoribus
926 1584 1008 1638 enim

152 1662 252 1715 coactis
264 1660 349 1729 copiis
360 1666 519 1714 reversuros
531 1676 622 1728 neque
633 1660 717 1714 finem
734 1660 854 1715 bellandi
870 1660 1008 1725 facturos3

152 1736 271 1805 proinde
279 1735 331 1806 [in]
340 1735 448 1804 agmine
455 1735 604 1805 impeditos
612 1736 788 1791 adoriantur:
801 1737 825 1790 si
831 1735 941 1804 pedites
950 1735 1008 1789 suis

152 1813 284 1867 auxilium
299 1812 390 1868 ferant
403 1815 489 1880 atque
504 1811 533 1865 in
551 1828 585 1866 eo
601 1816 750 1880 morentur,
767 1813 822 1867 iter
839 1812 935 1866 confici
952 1827 1006 1866 non

152 1906 248 1958 posse3
277 1888 308 1956 si,
337 1887 368 1941 id
391 1887 466 1956 quod
489 1889 576 1956 magis
601 1888 725 1942 futurum
749 1889 878 1956 confidat,
901 1888 1007 1943 relictis

152 1965 359 2035 impedimentis
370 1979 436 2018 suae
447 1964 530 2018 saluti
541 1965 691 2032 consulant,
703 1968 733 2019 et
745 1982 796 2018 usu
808 1980 901 2019 rerum
912 1980 1008 2018 neccs-

153 2043 286 2096 sariarum
309 2044 339 2096 et
362 2041 497 2111 dignitate
521 2041 668 2110 spoliatum
690 2041 726 2094 iri
733 2062 740 2106 ;
763 2057 828 2094 nam
851 2040 888 2094 de
905 2040 1007 2108 equiti·

152 2118 204 2173 bus
219 2118 348 2186 hirsiium,
366 2117 433 2186 quin
450 2134 532 2172 nemo
550 2134 644 2172 eorum
667 2117 797 2186 progredi
820 2116 903 2170 modo
926 2119 1006 2170 extra

152 2212 250 2263 agmen
273 2195 383 2261 audeat,
407 2211 443 2248 ne
465 2194 539 2262 ipsos
560 2194 673 2263 quidem
697 2193 800 2248 debere
817 2191 958 2246 dubitare:
976 2192 1006 2245 id

153 2289 207 2341 quo
231 2270 336 2338 majore
349 2270 461 2336 vfaciant
484 2270 584 2336 animo,
607 2270 699 2339 copias
724 2285 754 2323 se
771 2285 866 2322 omnes
882 2284 934 2336 pro
950 2285 1008 2322 cas

152 2349 204 2403 tris
212 2347 370 2400 habiturum
380 2350 411 2401 et
419 2346 519 2401 terrori
529 2345 654 2400 hostibus
662 2348 793 2400 futurum.
830 2344 1007 2400 Conclamant

152 2423 269 2491 equites,
282 2422 459 2477 Sanctissimo
467 2422 652 2490 jurejurando
664 2421 820 2477 confirmari
832 2424 960 2489 oportere
972 2439 1006 2475 ne

152 2503 227 2554 tecto
241 2499 401 2567 recipiatur,
417 2516 453 2553 ne
470 2499 505 2552 ad
524 2499 634 2565 liberos,
652 2515 688 2552 ne
705 2497 742 2551 ad
759 2502 896 2568 parentes,
914 2514 949 2551 nc
970 2498 1004 2550 ad

151 2593 265 2630 uxorem
277 2575 383 2629 aditum
396 2575 504 2640 habeat,
516 2576 563 2645 qui
580 2593 633 2628 non
651 2575 695 2628 bis
710 2592 761 2644 per
775 2590 873 2642 agmen
885 2573 1007 2627 hostium

151 2653 344 2722 perequitarit.

135 2777 140 2786 .
204 2734 245 2786 67.
281 2729 401 2782 Probata
420 2744 451 2782 re
462 2732 546 2796 atiquo
559 2727 686 2782 omnibus
697 2726 735 2781 ad
748 2726 942 2796 jusjurandum
961 2728 1005 2781 ad·

151 2805 228 2872 actis,
236 2808 347 2873 postero
359 2803 404 2858 die
416 2804 444 2857 in
454 2807 618 2873 tres'partes
631 2802 780 2857 distributo
792 2804 924 2871 equitatu,
937 2804 1007 2857 duae

151 2898 181 2935 se
205 2882 276 2935 acies
299 2880 335 2934 ab
358 2880 466 2935 duobus
489 2882 622 2936 lateribus
641 2879 799 2946 ostendunt,
815 2896 871 2932 una
886 2880 1007 2947 aprime

150 2957 261 3025 agmine
278 2958 333 3011 iter
350 2956 483 3026 impedire
501 2959 599 3027 coepit.
636 2957 696 3022 Qua
714 2972 744 3009 rc
761 2955 890 3009 nunciata
906 2955 1008 3009 Caesar

151 3038 231 3087 suum
244 3050 355 3103 quoquo
370 3024 524 3103 e'quitatum
541 3035 683 3103 tripertito
700 3033 818 3087 divisum
834 3034 930 3084 contra
945 3029 1007 3082 hos·

150 3112 209 3164 tem
217 3110 257 3162 ire
262 3109 354 3177 jubet.
390 3111 534 3178 Pugnatur
543 3107 820 3178 una[tunc]omnibus
830 3108 857 3159 in
866 3103 1005 3173 partibus:

150 3187 277 3242 consistit
289 3203 402 3256 agmen:
414 3187 612 3257 impedimenta
620 3185 694 3237 inter
702 3184 823 3255 legiones
830 3178 1006 3246 recipiuntur.

1013 3337 1085 3379 A
