2175 3409
76 134 124 189 178
331 136 360 187 0.
377 135 396 185 J
399 136 480 187 ULII
498 135 676 186 CAESARIS
715 149 717 154 ·

75 213 199 285 rimaque
211 214 322 272 Alesiae
335 214 467 270 memoria
478 215 588 271 solliciti
603 214 720 269 similem
730 229 825 269 casum
836 212 933 271 obses-

75 290 158 346 sionis
170 295 338 358 vererentur‚
350 292 523 361 maximeque
534 309 569 347 er
581 290 706 345 omuibus
718 289 869 359 Lucterius,
881 292 932 360 qui

76 366 201 421 fortunae
212 366 285 420 illius
292 367 443 436 periculum
453 367 565 435 fecerat,
573 369 698 421 moneret
707 366 837 420 frumenti
846 366 932 420 ratio-

75 458 139 495 nem
151 458 211 496 esse
222 439 383 511 habendam,
390 442 561 497 constituunt
569 442 689 497 omnium
697 439 839 509 consensu,
847 445 932 512 parte

75 516 113 570 ibi
125 516 222 571 relicta
232 517 379 587 copiarum,
387 518 441 588 ipsi
452 535 515 573 cum
527 516 664 588 expeditis
675 517 712 571 ad
723 516 931 586 importandum

75 590 242 647 frumentum
253 593 395 662 proficisci.
430 594 471 648 Eo
479 594 590 648 consilio
599 591 723 663 probato,
732 593 855 662 proxima
866 609 933 648 noc-

75 670 113 735 te,
122 667 229 721 duobus
238 667 348 722 milibus
356 673 523 725 armatorum
534 669 645 737 relictis,
653 668 773 738 reliquos
784 683 819 722 cx
827 667 931 737 oppido

76 743 203 813 Drappes
219 746 249 798 et
263 743 408 798 Lucterius
424 743 551 799 educunt
589 744 628 798 Hi
640 759 741 814 paucos
755 743 815 798 dies
828 744 931 799 morati

75 835 111 873 ex
123 818 222 874 linibus
238 818 432 888 Cadurcorum,
444 820 491 889 qui
507 819 611 890 partim
624 836 656 874 re
671 819 851 874 dumentaria
865 819 932 874 sub-

75 893 167 949 levare
178 910 226 950 eos
237 894 392 966 cupiebant,
401 896 503 966 partim
515 895 662 964 prohibere
673 911 727 964 quo
739 896 827 950 minus
839 912 930 951 sume-

75 976 139 1025 rent
153 986 208 1025 non
223 974 358 1041 poterant,
371 986 501 1040 magnum
513 986 658 1025 numerum
673 970 806 1026 frumenti
820 986 930 1040 compa-

75 1051 157 1110 rant;
184 1063 386 1117 nonnumquam
414 1050 507 1102 autem
536 1045 761 1116 expeditionibus
787 1047 930 1101 nocturnis

75 1122 188 1177 castella
207 1126 362 1178 nostrorum
383 1122 551 1177 adoriuntur.
592 1122 680 1187 Quam
698 1120 734 1176 ob
754 1137 877 1175 caussam
898 1123 928 1178 0.

76 1198 205 1252 Caninius
224 1202 285 1254 toto
302 1198 402 1267 oppido
422 1197 586 1253 munitiones
605 1197 775 1252 circumdare
792 1200 929 1266 coutetur,

75 1289 111 1329 ne
122 1277 172 1329 aut
182 1290 250 1342 opus
261 1274 389 1329 ellectum
404 1274 477 1329 tueri
489 1289 544 1329 non
557 1272 651 1343 possit
661 1275 711 1327 aut
723 1271 848 1342 plurimis
862 1273 930 1328 loeis

75 1351 184 1405 infirma
195 1351 323 1421 disponat
333 1350 476 1420 praesidia

127 1431 168 1481 35.
203 1425 305 1495 Magna
333 1427 412 1496 copia
438 1425 571 1480 frumenti
600 1428 756 1496 comparata
782 1424 930 1481 considunt

76 1502 201 1571 Drappes
215 1505 246 1556 et
260 1501 403 1556 Lucterius
418 1516 473 1555 nou
486 1501 595 1569 longius
610 1501 646 1556 ab
661 1501 762 1571 oppido
775 1516 795 1554 x
809 1500 928 1566 milibus,

75 1577 150 1631 unde
169 1576 309 1645 paullatim
333 1575 500 1630 frumentum
520 1576 549 1630 in
573 1576 703 1645 oppidum
725 1580 929 1647 supportarent.

76 1652 135 1722 Ipsi
156 1652 229 1705 inter
252 1667 283 1706 se
304 1650 457 1719 provincias
479 1652 654 1720 partiuntur3
677 1652 802 1721 Drappes
829 1652 930 1707 eastris

74 1726 212 1798 praesidio
224 1742 286 1781 cum
297 1731 377 1796 parte
388 1727 527 1804 copiarum
539 1729 659 1792 restitit3
671 1727 816 1782 Lucterius
829 1744 930 1795 agmen

72 1804 259 1871 iumentorum
270 1802 308 1858 ad
318 1802 449 1872 oppidum
460 1803 581 1858 adducit
617 1802 765 1872 Dispositis
776 1802 816 1857 ibi
827 1804 931 1871 praesi.

76 1878 137 1947 diis,
146 1879 213 1933 bora
223 1879 313 1933 noctis
323 1879 432 1934 circiter
440 1894 467 1947 x,
476 1879 647 1933 silvestribus
658 1878 836 1948 angustisque
846 1877 931 1933 itine-

74 1955 153 2011 ribus
163 1956 330 2010 irumentnm
341 1955 490 2025 importare
504 1954 533 2008 in
547 1953 677 2023 oppidum
692 1954 819 2009 instituit
855 1954 930 2019 Quo-

75 2049 137 2087 rum
149 2032 295 2102 strepitum
307 2032 403 2100 vigiles
414 2035 566 2086 castrorum
577 2048 662 2099 quum
673 2031 828 2098 sensissent,
837 2030 933 2099 explo-

75 2112 236 2178 ratoresque
247 2108 322 2163 missi
333 2124 404 2176 quae
415 2109 565 2176 agerentur
575 2106 787 2174 renunciassent,
798 2106 931 2166 Caninirm

76 2185 203 2241 celeriter
211 2201 274 2239 cum
285 2183 443 2239 cohortibus
454 2182 568 2238 armatis
580 2197 615 2237 ex
626 2183 758 2251 proximis
769 2181 888 2236 castellis
898 2182 931 2236 in

75 2261 268 2319 frumentarios
280 2259 331 2314 sub
342 2259 429 2328 ipsam
440 2258 529 2313 lucem
539 2259 673 2327 impeturn
683 2258 756 2312 fecit.
793 2257 819 2311 Ii
831 2273 931 2326 repen·

75 2336 135 2391 tino
154 2336 226 2391 malo
243 2335 385 2405 perterriti
402 2333 551 2402 diffirgiunt
568 2332 605 2387 ad
622 2350 672 2387 sua
688 2332 840 2403 praesidia3
857 2348 931 2400 quaa

75 2413 164 2468 nostri
193 2415 227 2467 ut
256 2411 392 2479 viderunt,
424 2410 513 2465 acrius
544 2413 640 2464 contra
671 2412 792 2464 armatos
820 2408 931 2462 incitati

75 2490 212 2544 neminem
229 2504 264 2543 cx
278 2503 311 2542 eo
326 2502 440 2542 numero
454 2485 547 2539 rivum
564 2486 624 2554 capi
639 2485 789 2554 patiuntur.
823 2483 932 2552 Effugit

75 2564 141 2619 indo
152 2580 215 2619 cum
225 2562 319 2632 paucis
331 2561 485 2629 Lucterius,
496 2577 548 2615 nec
559 2577 590 2615 se
600 2561 700 2630 recipit
709 2562 739 2614 in
750 2562 847 2615 eastra

128 2646 170 2696 36.
205 2639 247 2693 lte
267 2637 338 2692 bene
357 2641 438 2706 gesta
459 2637 588 2692 Caninius
608 2653 643 2691 ex
663 2636 778 2707 captivis
795 2635 932 2702 comperit

75 2720 185 2788 partem
197 2714 337 2785 copiarum
349 2729 411 2768 eum
423 2712 566 2783 Drappete
577 2729 638 2767 esse
646 2713 675 2766 in
687 2713 785 2766 castris
793 2727 810 2765 a
818 2709 931 2765 milibus

76 2809 130 2846 non
142 2790 258 2859 amplius
269 2804 320 2843 xn.
356 2788 417 2853 Qua
427 2804 458 2842 re
470 2804 505 2842 ex
516 2788 699 2857 compluribus
715 2787 831 2855 cognitu,
844 2802 932 2853 quum

75 2865 242 2932 intelligeret
253 2865 348 2932 fugato
360 2864 430 2919 duee
441 2864 528 2919 altero
542 2864 705 2932 perterritos
716 2862 836 2930 reliquos
850 2860 933 2916 facile

76 2940 193 3007 opprimi
204 2957 291 3008 posse,
301 2956 416 3007 magnae
428 2939 566 2994 felicitatis
575 2954 636 2994 esse
648 2937 835 2993 arbitrabatur
843 2937 933 2990 nemi-

76 3030 139 3066 nem
150 3030 185 3066 ex
196 3014 281 3067 caede
292 3011 424 3081 refugisse
436 3015 465 3066 in
477 3017 568 3068 castra
579 3014 626 3082 qui
642 3015 678 3069 de
693 3017 805 3082 accepta
821 3012 934 3066 calami·

76 3090 136 3138 tate
155 3089 281 3139 nuncium
302 3087 437 3156 Drappeti
457 3089 600 3157 perferret.
634 3088 690 3143 Sed
709 3089 737 3142 in
759 3086 933 3156 experiundo

76 3172 161 3219 ouum
172 3159 321 3223 periculum
332 3161 436 3215 nullum
447 3163 564 3232 rideret,
575 3164 727 3233 equitatum
739 3178 848 3217 omnem
860 3162 934 3218 Ger-

1047 3245 1064 3380 l
