2175 3409
85 99 118 148 52
345 104 374 152 G.
391 102 493 152 JULII
510 101 687 151 OAESARIS

87 202 197 242 movere
212 201 267 238 non
284 186 403 251 possent.
439 183 515 248 Quae
540 182 653 252 quidem
677 199 723 237 res
743 183 779 236 ad
803 184 944 253 negotium

86 261 284 317 conficiendum
312 259 430 313 maxime
450 259 504 314 luit
540 263 709 328 opportuna;
732 276 797 313 nam
824 261 944 329 singulas

85 338 174 392 nostri
191 336 339 391 consectati
357 338 582 404 expugnaverunt
599 338 631 389 ut
646 351 799 405 perpaucae
815 353 850 390 ex
871 338 944 391 omni
997 346 1002 358 ‘

85 430 198 470 numero
210 413 297 466 noctis
315 412 473 465 interventu
491 410 527 464 ad
543 415 647 465 terram
664 412 846 480 pervenerint,
859 430 944 482 quum

85 490 121 544 ab
148 490 217 544 hora
245 489 304 543 fere
335 490 547 556 quarta‘usque
574 486 611 540 ad
638 487 702 541 solis
728 503 853 541 occasum
876 506 944 558 pag,-¹

88 571 207 620 naretur.

139 647 181 696 16.
216 640 276 705 Quo
294 637 396 709 proelio
415 636 518 691 bellum
534 636 705 691 Venetorum
722 639 862 708 totiusque
879 657 944 694 orae

85 717 238 772 maritimae
255 715 407 769 confectum
425 717 475 767 est,
512 711 585 766 Nam
603 730 686 782 quum
703 715 789 768 omnis
803 714 942 783 juventus,

85 809 178 847 omnes
196 792 279 846 etiam
295 788 427 858 gravioris
444 789 550 855 aetatis,
563 788 591 841 in
607 789 706 859 quibus
722 789 826 858 aliquid
837 791 952 845 consilii.

85 872 133 923 aut
151 866 293 936 dignitatis
310 865 370 932 fuit,
388 880 421 918 eo
441 867 631 932 convenerant,
649 861 708 918 t'nm
733 866 844 924 navium
868 868 943 935 quod

84 944 186 1012 ubique
197 945 287 997 fuerat
298 940 420 994 inunum
437 940 525 994 locum
541 943 703 1008 coegeraut3
722 941 820 1010 quibus
836 935 942 996 amissis

85 1020 182 1090 reliqui
199 1034 289 1088 neque
306 1032 360 1086 quo
379 1031 408 1070 se
425 1016 580 1084 reciperent
597 1033 687 1084 neque
710 1017 941 1085 quemadmodum

86 1096 186 1165 oppida
202 1094 383 1149 defenderent
399 1090 544 1146 habebant.
581 1091 680 1159 Itaque
696 1109 725 1146 se
737 1109 839 1161 suaque
851 1096 942 1148 omnia

85 1172 195 1226 Caesari
213 1171 385 1226 dediderunt.
422 1168 456 1221 Iu
474 1184 542 1237 quos
561 1184 593 1221 eo
610 1169 719 1235 gravius
737 1169 839 1224 Caesar
856 1165 942 1224 vindi

85 1249 201 1301 candum
219 1247 324 1312 statuit,
344 1261 399 1314 quo
419 1243 578 1311 diligentius
595 1244 624 1296 in
642 1244 776 1312 reliquum
797 1248 906 1314 tempus
924 1263 941 1300 a

86 1321 210 1377 barbaris
221 1324 269 1392 jus
285 1323 437 1389 legatorum
451 1322 666 1373 conservaretm.
702 1320 801 1388 Itaque
813 1322 887 1374 omni
898 1338 940 1375 se

84 1403 151 1453 natu
163 1404 259 1453 necato
271 1398 392 1466 reliquos
404 1393 567 1449 subnorona
579 1394 710 1449 vendidit.

139 1479 178 1533 17.
211 1475 283 1527 Dum
295 1474 362 1527 hacc
373 1472 400 1525 in
413 1470 528 1524 Venetis
539 1473 680 1539 geruntur,
688 1471 719 1536 Q.
728 1470 847 1525 Titurius
862 1471 940 1526 Sabi-

84 1566 135 1603 nus
149 1567 211 1604 cum
222 1551 256 1604 iis
264 1549 348 1617 copiis
355 1564 423 1617 quas
432 1564 448 1601 a
458 1547 574 1601 Caesare
583 1551 725 1615 acceperat
736 1547 765 1600 in
776 1547 846 1601 fines
856 1548 940 1610 Unel.

31 1669 40 1683 ,
84 1624 171 1678 lorum
194 1625 324 1694 pervenit.
362 1623 414 1677 His
437 1625 566 1691 praeerat
592 1622 733 1694 Viridovix
753 1639 785 1677 ao
805 1640 939 1686 summam

84 1700 192 1769 imperii
208 1700 321 1754 tenebat
338 1714 431 1753 earum
447 1697 568 1752 omnium
586 1698 727 1752 civitatum
744 1716 814 1767 quae
832 1699 939 1755 defece·

85 1780 154 1843 rant,
169 1794 203 1831 ex
220 1776 317 1843 quibus
334 1774 484 1846 exercitum
502 1790 669 1842 magnasque
687 1774 778 1843 copias
796 1780 938 1843 coegerim

84 1854 168 1918 atque
179 1850 222 1904 his
233 1851 326 1920 paucis
344 1850 440 1903 diebus
458 1849 573 1906 Aulerci,
590 1849 754 1904 Eburovices
770 1850 938 1921 Lexoviique

84 1929 181 1980 senatu
191 1944 240 1981 suo
251 1927 403 1993 interiecto,
414 1925 488 2000 quod
506 1929 631 1978 auctores
645 1924 710 1979 belli
725 1942 785 1980 esse
800 1927 937 1998 nolebant,

83 2006 178 2072 portas
197 2003 351 2056 clauserrmt
368 2017 452 2069 seque
468 2016 530 2054 oum
546 1999 705 2056 Viridovice
723 2001 938 2070 conjunxerrmt;

83 2094 237 2148 magnaque
255 2081 399 2147 praeterea
413 2075 562 2130 multitudo
578 2075 701 2144 midique
718 2093 753 2130 ex
771 2077 860 2132 Gallia
877 2096 938 2148 per·

84 2154 204 2209 ditorum
227 2153 366 2208 hominum
385 2153 576 2219 latronumque
598 2157 769 2221 convenerat,
787 2170 856 2223 quos
874 2171 937 2223 spes

83 2230 234 2299 praedandi
247 2229 423 2298 studiumque
436 2226 556 2281 bellandi
569 2227 605 2281 ab
623 2227 788 2295 agricultura
804 2232 833 2283 et
849 2232 937 2298 quoti-

83 2307 164 2361 diano
175 2306 269 2359 labore
281 2304 431 2359 revocabat.
445 2297 458 2336 l
470 2302 587 2357 Sabinus
600 2302 698 2357 idoneo
713 2304 838 2359 omnibus
853 2305 937 2360 rebus

82 2382 141 2436 loco
162 2382 259 2436 castris
283 2397 313 2435 se
336 2379 456 2446 tenebat,
481 2395 566 2448 quum
590 2377 735 2433 Viridovix
759 2383 854 2445 eontra
873 2398 936 2436 eum

82 2458 167 2511 duum
183 2458 286 2511 milium
305 2456 394 2526 ,spatio
411 2455 579 2510 consedisset
596 2455 773 2524 quotidieque
794 2457 936 2524 productis

82 2533 165 2601 copiis
181 2533 323 2601 pugnandi
339 2534 506 2601 potestatem
523 2530 635 2599 faceret,
651 2535 683 2585 ut
696 2532 756 2600 jam
774 2549 828 2586 non
849 2533 936 2588 solum

82 2607 205 2662 hostibus
223 2609 251 2662 in
269 2608 499 2677 contemptionem
517 2605 634 2660 Sabinus
651 2609 765 2675 veniret,
782 2608 833 2662 sed
853 2610 936 2663 etiam

82 2688 238 2738 nostrorum
249 2684 368 2738 militum
379 2683 489 2737 vocibus
504 2683 627 2737 nonnihil
642 2689 807 2753 carperetur,
819 2688 936 2738 tantam·

82 2775 136 2828 que
148 2760 301 2828 opinionem
318 2759 425 2814 timoris
441 2759 569 2828 praebuit
585 2763 617 2813 ut
630 2757 689 2828 jam
707 2759 743 2812 ad
760 2760 861 2813 vallum
879 2777 935 2814 cas

82 2838 187 2887 trorum
213 2835 308 2889 hostes
330 2836 460 2889 accedere
488 2834 629 2890 auderent
665 2835 701 2889 Id
724 2853 758 2890 ea
787 2836 823 2890 de
853 2853 937 2891 causa

81 2907 206 2977 faciebat,
218 2910 293 2978 quod
309 2927 370 2965 cunr
386 2914 465 2965 tanta
479 2911 658 2965 multitudine
672 2911 799 2979 hostium,
812 2929 935 2982 praeser-

82 2983 133 3035 tim
145 2998 178 3035 eo
189 2984 303 3039 absente
316 2987 361 3053 qui
376 3002 509 3039 summam
524 2987 631 3055 imperii
646 2990 762 3056 teneret,
777 2989 828 3042 nisi
846 3005 935 3058 aequo

81 3056 140 3108 loco
164 3062 211 3111 aut
228 3062 432 3128 opportunitate
448 3063 539 3132 aliqua
555 3062 621 3117 data
638 3062 730 3132 legato
749 3064 935 3119 dimicandum

82 3144 135 3182 non
147 3133 329 3189 existimabat.
