2175 3409
524 120 635 169 LIBER
651 120 700 169 IV.
1007 125 1039 171 69

184 201 369 271 Equestribus
380 199 490 270 proeliis
501 217 584 271 saepe
595 218 631 255 ex
642 200 722 270 equis
733 200 865 256 desiliunt
876 217 908 256 ao
922 201 1039 271 pedibus

184 277 361 347 proeliantur,
376 292 517 349 equosque
535 276 633 331 eodem
650 293 792 331 remanere
809 276 925 345 vestigio
942 278 1039 332 adsue-

184 354 316 420 fecerunt,
329 352 365 407 ad
377 368 446 421 quos
458 368 488 406 se
503 353 632 407 celeriter
647 369 732 422 quum
747 369 814 407 usus
829 356 873 407 est
887 353 1039 422 recipiunt;
1057 391 1060 398 ι

184 443 275 497 neque
295 445 389 482 eorum
412 427 534 482 moribus
555 429 663 496 turpius
683 428 833 498 quidquam
854 432 902 483 aut
923 428 1039 483 inertius

184 503 304 559 habetur
315 520 397 574 quam
407 498 546 573 ephippiis
557 504 607 558 nti.
644 505 744 573 Itaque
755 504 792 557 ad
807 505 931 573 quemvis
946 521 1039 558 nume-

184 596 245 635 rum
257 579 476 649 ephippiatorum
488 579 613 649 equitum
622 580 745 649 quamvis
753 580 833 649 pauci
841 579 919 634 adire
926 579 1037 634 audent.

184 655 286 710 Vinum
297 656 334 710 ud
345 671 375 710 se
387 655 496 709 omnino
507 656 650 723 importari
661 671 715 709 non
727 655 828 723 sinunt,
838 654 912 724 quod
921 672 954 709 ea
963 672 993 709 re
1001 656 1039 710 ad

184 730 306 785 laborem
312 731 456 786 ferendum
465 730 656 785 remollescere
664 730 790 784 homines
796 733 879 799 atque
888 730 1038 788 effeminari

184 806 360 861 arbitrantur.

236 888 266 937 3.-
297 882 408 937 Publice
418 882 567 937 maximam
576 885 676 952 putant
686 898 746 938 esse
752 880 862 937 laudem
872 899 953 952 quarn
962 883 1038 938 latis·

185 956 253 1011 sime
277 975 294 1011 a
317 957 373 1012 suis
395 957 496 1026 finibus
518 974 615 1012 vacare
638 974 733 1026 agros:
763 958 815 1012 bac
836 974 868 1013 re
891 958 1037 1026 significari

185 1048 318 1101 magnum¹
330 1049 473 1087 numerum
491 1032 644 1103 ciritatium
661 1050 738 1087 suam
755 1033 810 1088 rim
827 1034 964 1089 sustinere
981 1051 1036 1089 non

184 1124 271 1177 posse.
308 1109 408 1178 ltaque
419 1125 475 1162 una
485 1125 520 1162 ex
531 1112 613 1178 parte
625 1125 642 1162 a
653 1109 750 1164 Suesia
764 1108 873 1164 circiter
886 1109 961 1163 milia
975 1126 1037 1179 pas

184 1200 264 1238 suum
276 1198 311 1238 uo
323 1184 382 1252 agri
393 1200 489 1238 vacare
501 1184 636 1238 dicuntur.
672 1185 721 1239 Ad
731 1185 846 1256 alteram
857 1187 966 1254 partem
977 1201 1037 1239 suc·

185 1260 287 1314 cedunt
299 1260 372 1329 Ubii,
386 1276 501 1329 quorum
513 1259 569 1313 fuit
580 1259 676 1314 civitas
687 1260 778 1329 ampla
788 1263 872 1329 atque
886 1260 993 1328 florens,
1004 1263 1037 1314 ut

101 1402 107 1411 ⁵
185 1338 228 1390 est
245 1335 341 1404 ceptris
360 1336 566 1402 Germanorum,
579 1339 608 1389 et
625 1335 706 1404 paulo
725 1351 807 1403 quam
828 1339 891 1390 sunt
911 1334 1036 1403 ejusdem

184 1411 293 1479 generis
305 1415 334 1466 et
346 1410 446 1465 ceteris
462 1410 644 1478 humaniores,
656 1414 802 1480 propterea
817 1410 892 1479 quod
908 1412 1035 1466 Rhenum

184 1487 324 1555 attingunt
336 1488 508 1556 multumque
516 1486 554 1540 ad
563 1502 610 1540 eos
619 1490 785 1540 mercatores
793 1485 938 1556 ventitant,
946 1490 976 1541 et
984 1487 1036 1556 ipsi

184 1560 298 1631 propter
309 1563 541 1633 propinquitatem
551 1561 662 1615 Gallicis
673 1565 738 1616 sunt
746 1561 868 1616 moribus
879 1562 1037 1618 adsuefacti.

185 1638 246 1691 Hos
268 1655 360 1708 quum,
376 1638 457 1693 Suari
477 1638 572 1692 ruultis
595 1653 677 1705 saepe
699 1637 777 1691 bellis
799 1639 907 1707 experti
923 1641 1037 1707 propter

184 1714 393 1783 amplitudinem
410 1713 631 1783 gravitatemque
648 1712 767 1767 civitatis
783 1712 883 1766 finibus
898 1714 1037 1784 erpellere

184 1806 238 1843 non
250 1790 410 1858 potuissent,
422 1792 514 1843 tamen
528 1788 678 1856 vectigales
695 1788 747 1842 sibi
762 1788 887 1843 iecerunt
903 1805 934 1843 ao
949 1788 1037 1844 multo

184 1864 342 1920 humiliores
354 1864 571 1932 infirmioresquo
584 1864 759 1933 redegerrmt.

236 1948 261 1995 4,
298 1942 331 1995 In
343 1940 439 1995 eodem
451 1955 533 1993 carisa
544 1940 658 1994 fuerunt
674 1940 803 2009 Usipetes
819 1943 849 1995 et
864 1897 1035 2006 Tenchtheri,

184 2034 253 2087 quos
265 2016 484 2085 supradiximus,
497 2031 545 2084 qur
537 2016 711 2085 'complures
722 2032 807 2069 anuos
819 2017 1006 2071 Suevorum
979 2033 1035 2070 vrm

184 2094 386 2158 sustinuerunt3
379 2092 598 2146 ·adextremum
605 2094 698 2146 tamen
707 2108 782 2159 agris
791 2092 895 2161 erpulsr
905 2095 935 2145 et
943 2093 1036 2146 multra

183 2167 249 2222 locis
266 2168 428 2223 Gennaniao
444 2168 593 2222 triennium
610 2168 701 2235 vagati
717 2167 754 2220 ad
768 2167 895 2222 Rhenum
906 2183 1032 2237 pervene-

183 2248 249 2298 runt
249 2260 337 2313 ‚quas
353 2244 478 2312 regiones
494 2243 618 2312 Menapii
634 2242 788 2297 incolebant
803 2247 832 2297 et
843 2243 879 2297 ad
890 2247 1037 2317 utramque

183 2319 272 2388 ripum
292 2319 411 2374 fluminis
430 2336 511 2388 agros
528 2319 653 2374 aedificia
672 2315 806 2387 vicosque
817 2319 970 2385 babebant;
986 2318 1037 2373 sed

184 2397 278 2449 tantae
289 2395 473 2450 multitudinis
484 2396 562 2450 aditu
574 2395 717 2464 perterriti
729 2411 764 2448 er
775 2395 810 2449 iis
822 2394 953 2449 aediliciis
966 2410 1037 2464 quae

183 2470 377 2525 transflumen
394 2470 548 2526 habuerant
565 2471 797 2539 demigraverunt,
809 2475 839 2525 et
854 2471 894 2524 cis
910 2470 1036 2525 Rhenum

185 2546 325 2615 dispositis
335 2547 480 2614 praesrdns
490 2547 642 2602 Germanos
650 2547 769 2600 transire
778 2545 965 2615 probrbcbant
990 2545 1036 2600 Illi

184 2621 275 2675 omnia
286 2622 401 2709 experti,
413 2640 498 2692 quum
513 2639 604 2692 neque
622 2622 649 2676 vi
666 2623 832 2677 contendere
849 2621 988 2691 propter
979 2637 1037 2675 ruo

183 2697 257 2766 piam
280 2697 388 2750 narium
412 2715 502 2768 neque
526 2699 597 2752 clam
620 2693 740 2753 transire
762 2702 875 2767 propter
898 2697 1037 2752 custodias

184 2772 374 2841 Menapiorum
382 2778 502 2843 possent,
509 2773 612 2829 reverti
622 2790 652 2828 se
660 2774 687 2828 in
697 2790 760 2828 suas
769 2774 849 2827 mdes
858 2773 1036 2842 regionesque

183 2848 387 2916 simulaverunt,
395 2852 424 2903 ct
434 2849 559 2905 tridui
533 2867 605 2904 vmm
614 2850 751 2919 progressi
759 2865 854 2903 rursus
863 2850 1036 2903 reverterunt

183 2923 510 2993 atqueomnihooitinere
519 2928 662 2979 unanocte
671 2924 798 2994 equitatu
806 2924 929 2978 confecto
937 2923 1036 2976 inscios

82 3009 86 3018 ·
124 2997 139 3013 ”
183 3000 410 3069 inopinantesque
429 3000 572 3070 Menapios
591 3003 792 3068 oppresserunt,
804 3000 852 3067 qui
870 2997 906 3051 de
925 2998 1036 3052 Germa

183 3091 280 3130 uorum
292 3075 414 3131 discessu
422 3093 473 3146 per
481 3077 669 3164 exploratores
677 3075 808 3128 certiores
816 3074 912 3127 iacti
891 3089 950 3125 srne
959 3076 1035 3124 metu

184 3151 261 3205 trans
278 3150 427 3209 Rhenum
420 3169 448 3210 ιιι
466 3168 529 3207 suos
543 3151 617 3206 rioos
632 3148 852 3216 remigrarorant
889 3147 942 3200 His
952 3146 1035 3199 inter-

1010 3295 1086 3371 A
