2175 3409
107 108 155 163 174
363 116 393 165 0.
409 113 512 164 JULII
528 111 704 163 caranum

103 193 217 247 ventum
230 201 353 262 mactet,
369 197 402 248 ut
419 196 591 259 convenerat,
610 209 721 247 manum
741 191 857 247 Gommii
876 192 968 249 Volu-

104 283 187 322 senus
199 270 370 339 arripuisset,
382 270 505 324 centurio
518 270 562 324 vel
574 268 629 340 [ut]
641 270 750 323 insueta
769 285 800 323 re
818 276 966 337 permotus
1061 257 1063 276 ⁸

104 344 149 399 vel
160 344 288 401 celeriter
299 362 316 399 a
326 345 508 400 familiaribus
519 346 675 415 prohibitus
694 345 810 400 Commii
828 346 966 401 conficere

104 420 243 475 hominem
254 438 308 476 non
320 422 427 491 potuit;
440 422 565 492 graviter
576 426 670 477 tamen
686 423 776 492 primo
793 422 852 476 ictu
868 423 965 491 gladio

105 495 210 566 [caput]
244 498 402 566 percussit,
424 498 515 564 Quum
544 499 686 567 utrimque
713 498 800 567 gladii
834 499 964 555 destricti

105 575 206 639 essent,
223 588 278 627 non
294 576 353 628 tam
370 576 511 644 pugnandi
529 592 613 644 quam
631 575 794 644 diffugiendi
813 576 867 630 fuit
884 578 964 629 utro-

104 662 222 716 rumque
233 639 391 718 consilium3
409 656 574 720 nostrorum,
593 651 669 721 quod
686 652 828 706 mortifero
847 651 964 706 vulnere

106 722 259 777 Commium
271 725 422 781 credebant
433 726 576 793 affectum
592 728 742 795 Gallorum,
761 727 837 797 quod
852 726 964 782 insidiis

105 798 222 867 coguitis
233 799 314 869 plura
326 818 408 871 quam
420 801 553 857 videbant
564 802 790 858 extimescebant.
815 804 875 868 Quo
886 803 963 858 iacto

106 875 236 931 statuisse
252 877 391 932 Gommius
409 877 553 933 dicebatur
569 895 720 949 numquam
736 879 765 933 in
782 881 963 949 conspertum
1062 871 1063 890 ¹

106 950 269 1021 cujusquam
284 952 400 1008 Romani
412 955 513 1010 venire.

158 1040 200 1089 24,
234 1036 455 1092 Bellicosissimis
472 1037 603 1107 gentibus
620 1037 737 1093 devictis
755 1038 857 1094 Caesar
874 1055 962 1108 quum
1062 1047 1063 1070 ¹

107 1109 217 1166 videret
227 1112 331 1167 nullam
336 1113 396 1181 jam
408 1129 470 1168 esse
481 1114 621 1168 civitatem
639 1130 711 1183 quae
728 1113 831 1168 bellum
847 1118 963 1183 pararat

107 1202 163 1255 quo
175 1187 228 1241 sibi
240 1188 391 1257 resisteret,
403 1189 454 1243 sed
465 1189 609 1243 nonnullos
620 1206 655 1243 ex
669 1189 779 1258 oppidis
796 1189 962 1258 demigrare,

107 1279 143 1316 ex
162 1263 236 1332 agris
255 1263 391 1333 diffugere
411 1264 447 1318 ad
470 1281 601 1334 praesens
623 1265 769 1334 imperium
793 1265 962 1334 evitandum,
1062 1303 1063 1314 ,

107 1338 201 1407 plures
223 1338 253 1393 iu
276 1343 370 1409 partos
393 1340 544 1395 exercitum
569 1339 713 1395 dimittere
735 1340 886 1395 coustituit
905 1340 961 1398 ll.

108 1415 262 1469 Antonium
278 1419 454 1484 quaestorem
473 1433 535 1472 cum
555 1415 662 1485 legione
681 1431 712 1470 xr
733 1415 785 1470 sibi
804 1417 962 1486 conjungit;

109 1490 139 1544 0.
151 1490 269 1545 Fabium
280 1492 403 1559 legatum
415 1507 478 1546 cum
490 1492 648 1546 cohortibus
660 1508 716 1546 xxv
727 1491 816 1546 mittit
826 1493 855 1546 in
872 1492 963 1547 dver-

108 1564 243 1620 sissimam
256 1566 361 1621 Galliae
372 1571 489 1636 partem,
501 1567 626 1640 quodibi
639 1568 772 1636 quasdam
787 1568 913 1624 civitates
930 1570 962 1623 in

107 1641 190 1695 armis
201 1656 262 1694 esse
273 1642 411 1709 audiebat,
423 1658 514 1714 neque
526 1643 556 1698 G.
572 1643 715 1698 Caninium
738 1643 866 1698 Rebilum
886 1643 963 1713 lega-

107 1720 175 1784 tum,
187 1716 235 1790 qui
246 1714 297 1786 [in]
308 1716 363 1771 illis
374 1717 533 1784 regionibus
544 1722 680 1787 praeerat,
696 1719 764 1773 satis
780 1719 874 1774 firmas
890 1719 963 1774 duas

107 1792 229 1861 legiones
239 1791 342 1847 babere
354 1792 537 1849 existimabat.
562 1794 592 1848 T.
604 1794 755 1848 Labienum
766 1794 803 1847 ad
814 1811 844 1848 se
856 1798 962 1863 evocat,

108 1868 298 1937 legionemque
322 1883 372 1937 x11,
385 1885 456 1938 quae
476 1885 538 1924 cum
557 1885 590 1924 eo
613 1870 705 1924 fuerat
727 1870 756 1923 in
780 1869 909 1938 hibernis,
931 1871 962 1925 in

109 1944 242 2013 Togatam
255 1945 372 1999 Galliam
384 1946 471 2000 mittit
483 1946 520 2000 ad
531 1945 651 2000 colonias
662 1946 761 2000 civium
774 1945 962 2002 Romanorum

108 2021 233 2089 tuendas,
248 2021 369 2090 nequod
386 2022 475 2080 simile
491 2021 693 2076 incommodum
710 2021 848 2076 accideret
863 2022 963 2077 decur-

109 2097 186 2152 siouo
202 2097 381 2154 barbarorum
396 2114 428 2152 ac
440 2098 581 2167 superiore
591 2101 698 2152 aestate
707 2098 875 2167 Tergestinis
890 2099 963 2153 acci-

111 2175 206 2242 disset,
216 2173 263 2246 qui
271 2174 416 2245 repentino
423 2174 565 2228 latronicio
573 2176 658 2243 atque
666 2173 772 2243 impetu
779 2190 874 2229 eorum
881 2179 963 2230 erant

109 2252 240 2320 oppressi.
276 2251 342 2325 Ipso
365 2250 403 2305 ad
431 2249 579 2305 vastandos
609 2248 869 2319 depopulandosque
891 2251 963 2306 fines

109 2327 280 2396 Ambiorigis
292 2326 481 2397 proficiscitur,
491 2342 573 2394 quem
581 2326 760 2395 perterritum
769 2342 801 2380 ac
810 2326 964 2394 fugientem

110 2420 194 2473 quum
214 2403 303 2472 redigi
327 2419 408 2472 posse
429 2403 459 2457 in
482 2418 561 2456 suam
580 2404 749 2471 potestatem
778 2400 962 2471 desperasset,

109 2481 264 2551 proximum
282 2496 348 2534 suae
365 2478 509 2548 dignitatis
521 2494 582 2531 esse
594 2477 712 2532 ducebat
726 2477 796 2532 adeo
814 2478 882 2532 fines
899 2477 963 2547 ejus

109 2559 219 2611 vastare
246 2555 358 2622 civibus,
391 2554 531 2622 aedificiis,
559 2569 666 2623 pecore,
696 2556 730 2607 ut
757 2553 821 2607 odio
850 2569 963 2608 suorum

111 2630 263 2700 Ambiorix,
292 2630 316 2685 si
345 2647 415 2701 quos
444 2631 555 2685 fortuna
575 2629 686 2684 fecisset
703 2629 832 2698 reliquos,
854 2628 963 2684 nullum

110 2706 231 2762 reditum
243 2709 357 2777 propter
365 2709 458 2762 tantas
465 2706 637 2761 calamitates
645 2705 761 2760 baberet
771 2705 801 2759 in
812 2704 964 2760 civitatem.

162 2786 202 2837 25.
241 2783 331 2849 Quum
342 2782 371 2836 in
389 2799 483 2837 omnes
500 2787 595 2852 partes
612 2781 708 2835 finium
726 2780 895 2849 Ambiorigis
911 2785 964 2836 aut

110 2856 232 2923 legiones
249 2860 300 2912 aut
317 2858 418 2911 auxilia
436 2859 593 2928 dimisisset,
610 2862 694 2928 atque
711 2857 802 2912 omnia
820 2856 963 2925 caedibus,

111 2931 252 2997 incendiis,
264 2932 367 3001 rapinis
378 2937 521 3003 vastasset,
533 2950 632 3004 magno
642 2949 756 2988 numero
767 2932 908 2987 homiuum
920 2933 960 2986 in-

111 3005 227 3057 terfecto
238 3009 287 3060 aut
298 3011 385 3075 capto,
398 3010 549 3065 Labienum
560 3028 622 3065 cum
639 3009 745 3063 duabus
761 3008 915 3077 legionibus
933 3009 964 3063 in

112 3076 237 3130 Treviros
248 3081 342 3146 mittit,
355 3099 470 3150 quorum
482 3086 586 3154 civitas,
597 3088 710 3153 propter
722 3085 885 3139 Germaniae
896 3084 965 3138 vici-

111 3148 227 3201 nitatem
246 3154 412 3217 quotidianis
428 3160 582 3216 exorcitata
600 3157 685 3226 bellis,
704 3159 781 3215 cultu
798 3164 829 3215 et
847 3158 965 3217 feritate
