2175 3409
110 169 156 218 loc
369 167 396 215 C.
415 165 433 214 J
437 164 516 215 ULlI
532 163 707 213 CAESARIS

110 247 229 300 Senatus
244 244 437 298 auctoritatem
454 246 486 297 ιιι
500 242 606 311 aliquid
622 242 727 297 faceret
744 244 836 312 potuit
849 245 972 312 adduci}

104 320 250 389 judicabat
262 319 335 373 onim
351 319 446 373 liberis
463 318 609 372 sententiis
623 323 734 387 patrum
749 320 971 388 mnscripmram

109 413 218 451 causam
228 412 305 448 suam
312 394 390 448 facile
396 394 526 448 obtineri.
545 394 571 446 N
573 411 617 447 am
630 394 659 448 C.
673 395 763 461 Curio,
773 395 901 449 tribunus
909 398 972 465 ple-
1041 393 1042 396 ’

110 472 160 538 bis,
173 488 258 538 quum
270 469 395 523 Caesaris
406 486 515 523 causam
529 469 748 538 dignitatemque
762 471 971 526 defendendam

110 547 283 615 suscepisset,
295 562 379 615 saepe
391 548 452 599 erat
467 544 580 599 Senatui
595 546 741 614 pollicitus,
753 547 776 600 si
789 563 870 614 quem
883 549 971 603 timor

110 639 248 677 armorum
279 621 404 676 Caesaris
433 620 565 690 laederet,
597 621 658 691 [et]
684 623 812 691 quoniam
842 623 969 692 Pompeii
1041 641 1042 644 ¹

111 698 260 752 dominatio
285 700 368 766 atque
392 713 547 751 armenon
573 698 715 751 minimum
742 702 878 754 terrorem
906 701 970 753 foro

110 774 254 838 inferrent,
279 772 435 827 discederet
459 776 578 841 uterque
605 773 640 827 ab
666 773 751 828 armis
773 776 970 843 exercitusque

111 850 280 914 dimitteret,
298 848 357 902 fore
370 864 403 902 eo
415 849 488 902 facto
503 849 619 903 liberam
632 853 662 904 et
678 850 721 903 sui
733 849 807 918 juris
819 851 970 904 civitatem.

112 925 210 995 Neque
234 925 285 979 hoc
309 928 417 979 tantum
441 924 580 993 pollicitus
607 930 658 992 est,
681 926 731 980 sed
754 927 838 980 etiam
861 943 912 995 per
937 943 969 980 se

112 1002 307 1057 discessionem
329 1001 421 1055 facero
445 1000 552 1069 coepit;
582 968 658 1069 quod
681 1018 715 1055 ne
738 1001 820 1056 fieret
841 1002 969 1056 consules

111 1079 246 1145 amicique
264 1077 387 1146 Pompeii
401 1075 553 1145 jussemnt,
566 1080 652 1164 atque
666 1077 706 1131 ita
721 1093 780 1131 rem
796 1076 968 1132 moderando

113 1154 306 1209 discesserunt
706 1173 719 1189 ι

165 1236 206 1285 53.
241 1230 373 1298 Magnum
385 1228 436 1282 hoc
444 1227 509 1283 test
489 1227 633 1283 itrnonium
645 1203 765 1287 Senatus
776 1232 837 1284 crat
845 1230 968 1284 universi

113 1306 329 1374 conveniensque
341 1304 474 1373 superiori
466 1304 568 1358 facto
597 1304 624 1358 N
626 1321 670 1357 am
676 1305 828 1364 Marcellus
841 1305 968 1374 proximo

113 1399 192 1449 anno,
216 1399 300 1451 quum
323 1381 498 1450 impugnaret
526 1380 651 1434 Caesaris
674 1380 846 1449 dignitatem,
870 1386 969 1436 contra

114 1458 203 1525 legem
224 1456 346 1525 Pompeii
367 1460 397 1510 et
421 1455 513 1510 Crassi
537 1456 784 1531 rettuleratante
796 1461 907 1526 tempus
930 1458 968 1511 ad

115 1534 245 1587 Senatum
269 1532 305 1585 de
333 1531 456 1586 Caesaris
484 1530 649 1599 provinciis
663 1532 862 1601 sententiisque
885 1531 968 1587 dictis

115 1609 307 1663 discessionem
325 1607 443 1661 faciente
461 1607 600 1675 Marcello,
614 1608 662 1677 qui
679 1609 732 1662 sibi
751 1625 860 1662 omnem
878 1609 969 1677 digni-

113 1687 202 1738 tatem
215 1699 249 1735 ex
269 1682 393 1737 Caesaris
411 1682 513 1736 invidia
528 1684 687 1751 quaerebat,
702 1685 819 1738 Senatus
836 1685 968 1751 frequens

114 1760 142 1812 in
157 1758 210 1812 alia
227 1757 318 1811 omnia
331 1759 448 1813 transiit.
486 1759 592 1824 Quibus
605 1776 660 1812 non
673 1760 869 1827 frangebantur
884 1761 969 1815 animi

113 1835 283 1888 inimicorum
309 1833 440 1901 Caesaris,
466 1834 517 1888 sed
536 1833 754 1891 admonebantur
774 1852 828 1903 quo
848 1834 968 1903 majores

114 1913 244 1981 pararent
260 1910 485 1977 necessitudines,
508 1911 607 1978 quibus
625 1912 685 1979 cogi
702 1914 796 1980 posset
809 1910 925 1965 Senatus
937 1911 968 1965 id

114 1987 232 2057 probare
245 1986 320 2053 quod
332 1986 385 2055 ipsi
397 1986 609 2040 constituissent.

167 2069 208 2117 54.
245 2062 291 2116 Fit
307 2061 409 2116 deinde
421 2062 448 2117 S.
466 2061 495 2115 G.
511 2066 544 2115 ut
558 2061 595 2114 ad
606 2061 709 2115 bellum
725 2062 883 2117 Parthicum
894 2062 967 2130 legio

115 2155 170 2193 nna
188 2155 205 2192 a
224 2138 272 2193 Cn.
298 2137 434 2206 Pompeio,
456 2137 544 2191 altera
562 2153 579 2190 a
603 2137 633 2191 C.
656 2137 774 2192 Caesare
793 2139 969 2205 mitteretur;

58 2234 60 2237 ⁴
115 2232 205 2284 neque
217 2214 331 2269 obscure
348 2212 422 2283 [hae]
434 2214 506 2268 duae
523 2213 644 2281 legiones
660 2214 707 2267 uni
724 2213 859 2283 [Caesari]
875 2215 969 2269 detra

116 2291 226 2345 huntur.
261 2291 334 2344 Nam
353 2290 401 2344 Cn.
420 2290 567 2359 Pompeius
587 2290 721 2356 legionem
741 2290 866 2358 primam,
884 2306 968 2358 quam

116 2367 152 2420 ad
169 2367 314 2421 Caesarem
331 2366 444 2420 miserat
467 2365 617 2419 confectam
635 2382 669 2419 ex
687 2365 797 2419 delectu
814 2365 969 2435 provinciae

119 2442 252 2509 Caesaris,
267 2458 328 2495 eam
345 2445 485 2509 tamquam
502 2458 537 2495 ex
553 2457 601 2494 suo
617 2457 730 2494 numero
745 2440 831 2495 dedit.
868 2442 969 2496 Caesar

116 2523 216 2587 tamen,
237 2534 321 2587 quum
343 2516 379 2571 de
396 2517 537 2571 voluntate
561 2516 779 2571 adversariorum
803 2534 914 2571 suorum
937 2534 968 2571 so

116 2593 225 2663 spoliari
245 2592 346 2647 nemini
369 2593 484 2646 dubium
507 2596 589 2660 esset,
608 2592 657 2647 Cn.
680 2592 809 2661 Pompeio
832 2593 968 2660 legionem

117 2669 230 2736 remisit,
250 2671 280 2723 et
300 2684 349 2721 suo
372 2669 481 2722 nomine
505 2683 551 2737 xv,
574 2684 656 2736 quam
679 2667 707 2721 iu
731 2668 820 2723 Gallia
842 2670 968 2724 citeriore

117 2745 259 2812 habuerat,
281 2761 315 2798 ex
338 2744 364 2799 S.
389 2744 419 2797 C.
437 2743 521 2812 jubet
543 2744 623 2799 tradi.
660 2744 694 2797 In
717 2743 778 2811 ejus
801 2744 890 2799 locum
914 2760 969 2799 xm

116 2820 251 2886 legionem
271 2820 299 2872 in
323 2819 431 2873 Italiam
453 2820 541 2874 mittit
559 2836 629 2888 quae
645 2819 784 2888 praesidia
805 2823 882 2875 tueat
870 2825 916 2875 tur
933 2838 969 2876 ex

115 2893 216 2959 quibus
227 2894 371 2960 praesidiis
383 2909 421 2947 xv
430 2893 625 2948 deducebatur.
657 2896 720 2964 Ipse
732 2895 864 2950 exercitui
877 2897 968 2951 distri-

117 2964 177 3016 buit
191 2966 320 3019 hiberna:
337 2968 366 3020 O.
381 2969 545 3023 Trebonium
562 2987 624 3023 cum
639 2970 791 3037 legionibus
807 2973 947 3040 quatuor
940 2990 967 3026 111

118 3037 213 3100 Belgio
237 3039 367 3105 collocat;
390 3042 419 3094 C.
442 3043 557 3097 Fabium
581 3062 643 3098 cum
664 3046 811 3099 totidem
803 3063 831 3099 m
856 3049 968 3102 Aeduos

118 3106 237 3160 deducit.
273 3110 317 3162 Sic
329 3114 400 3166 enim
413 3118 588 3172 existimabat
597 3121 760 3174 tutissimam
772 3121 831 3175 fore
844 3122 966 3191 Galliam,

118 3190 142 3226 ⁸¹
163 3177 271 3245 Belgae
287 3200 403 3250 quorum
423 3192 542 3246 maxima
561 3193 656 3261 virtus,
669 3194 721 3264 [et]
733 3196 833 3265 Aedui,
851 3214 967 3264 quomm

49 3277 116 3385 ι’
