2175 3409
522 93 630 141 LIBER
647 92 670 142 Ι.
988 96 1019 143 21

171 193 255 245 quam
272 177 332 244 ipse
346 177 495 245 imperator
510 174 626 227 meritus
641 172 803 238 videbatur3
820 173 922 228 factum
938 174 1021 228 etiam

169 268 259 321 nuper
275 254 304 304 in
318 251 399 305 ltalia
411 250 502 304 servili
513 248 641 315 tumultu,
654 265 723 317 quos
734 252 826 301 tamen
838 249 944 318 aliquid
956 266 1022 303 usus

170 345 203 383 ac
216 326 360 395 disciplina
372 341 453 394 quam
466 324 573 379 anobis
584 327 751 394 accepissent
762 322 944 378 sublevarent.
979 325 1022 377 Ex

170 421 225 474 quo
231 402 351 472 judicari
360 399 617 471 posse[t]quantum
625 398 778 453 haberetis
787 398 887 453 seboni
896 404 1022 455 constan-

169 481 224 545 tia;
235 482 382 548 propterea
394 476 469 547 quod
480 492 550 546 quos
561 475 727 545 aliquamdiu
739 476 857 530 inermes
870 476 928 530 sine
940 493 1023 531 eausa

51 583 54 588 ⁴
168 555 332 621 timuissent,
344 553 394 607 hos
408 555 504 622 postea
518 556 639 606 armatos
656 568 688 606 ao
705 550 822 606 victores
840 556 1021 622 superassent

170 630 296 699 Denique
307 629 357 684 hos
369 645 429 684 esse
441 628 552 684 eosdem
568 627 729 698 quibuscum
744 645 938 698 saepenumero
955 629 1022 683 Hei-

169 706 235 761 retii
253 705 389 774 congressi
407 721 461 759 non
478 704 566 758 solum
584 704 612 758 in
629 705 685 759 suis
703 705 752 759 sed
769 705 852 759 etiam
869 705 896 758 in
914 705 1021 759 illorum

169 780 269 834 finibus
295 781 456 850 plerumque
484 780 646 850 superarint,
669 781 716 848 qui
739 784 831 835 tamen
854 797 935 851 pares
962 798 1023 836 esse

169 861 264 911 nostro
275 856 407 911 exercitui
419 873 472 911 non
484 856 631 925 potuerint.
667 856 696 910 Si
708 872 776 925 quos
787 856 932 911 adversum
944 874 1022 926 prce

169 932 234 986 lium
254 936 284 986 et
299 932 365 1000 fuga
382 932 522 987 Gallorum
542 935 731 998 commoveret,
749 932 798 984 hos
813 932 839 986 si
856 938 1022 1000 quaererent

169 1008 290 1077 reperire
301 1024 381 1077 posse
393 1007 576 1062 diuturnitate
587 1007 651 1061 belli
663 1007 824 1075 defatigatis
838 1006 924 1061 Gallis
941 1009 1022 1061 Ario

169 1083 278 1150 vietum,
295 1099 378 1150 quum
401 1083 502 1137 multos
518 1099 627 1137 menses
649 1084 746 1137 castris
769 1099 800 1136 se
823 1098 855 1136 ac
877 1082 1022 1152 paludibus

90 1178 103 1200 ν
129 1165 138 1200 ¹·
169 1157 303 1213 tenuisset
314 1174 403 1226 neque
414 1160 455 1213 sui
462 1158 634 1227 ‘potestatem
647 1158 763 1226 fecisset,
776 1157 955 1227 desperantes
963 1157 1021 1226 jam

169 1231 308 1302 depugna
319 1237 349 1288 et
364 1233 500 1303 dispersos
516 1232 608 1288 subito
624 1233 752 1287 adortum
767 1234 854 1302 magis
870 1233 976 1287 ratione
993 1239 1022 1286 et

170 1308 280 1362 oonsilio
291 1325 373 1375 quam
385 1309 490 1363 virtute
501 1303 605 1363 vicisse.
642 1309 693 1363 Cui
711 1309 811 1363 rationi
827 1311 922 1363 eontra
937 1308 1022 1363 homi·

169 1399 219 1437 nes
230 1382 361 1438 barbaros
373 1387 457 1452 atque
468 1385 611 1454 imperitos
622 1384 697 1439 loeus
709 1386 812 1453 fuisset,
823 1384 875 1439 hac
886 1401 921 1439 ne
932 1385 1022 1454 ipsum

169 1458 281 1526 quidem
293 1475 404 1528 sperare
416 1464 523 1514 nostros
534 1460 672 1514 exercitus
683 1461 742 1530 capi
754 1477 841 1530 posse.
878 1460 930 1526 Qui
944 1477 1022 1514 suum

169 1535 296 1589 timorem
308 1535 336 1588 in
348 1536 388 1589 rei
404 1536 600 1589 frumentariae
615 1535 815 1591 simulationem
830 1536 1022 1605 angustiasque

168 1610 298 1665 itinerum
328 1610 483 1665 conferrent
505 1610 596 1664 faeere
618 1615 785 1681 arroganter,
808 1629 891 1681 quum
915 1616 964 1666 aut
987 1612 1022 1665 de

170 1685 256 1740 officio
274 1686 446 1755 imperatoris
464 1685 612 1755 desperare
629 1691 678 1742 aut
694 1687 881 1756 praescribere
899 1687 1022 1741 videren-

169 1764 223 1816 tur.
259 1762 337 1815 Haec
353 1761 405 1815 sibi
418 1777 479 1816 esse
495 1778 590 1817 curae:
607 1762 776 1817 frumentum
792 1763 939 1832 Sequanos,
952 1763 1022 1817 Leu-

170 1852 223 1903 cos,
254 1837 392 1905 Lingones
419 1836 634 1905 subministrare,
660 1837 774 1906 Jamque
802 1854 863 1893 esse
891 1838 920 1892 in
949 1839 1022 1907 agris

169 1911 308 1966 frumenta
319 1916 442 1976 matura3
460 1911 496 1966 de
507 1911 607 1968 itinere
623 1914 697 1983 ipsos
713 1913 790 1968 brevi
808 1918 932 1983 tempore
946 1913 1022 1983 judi-

170 1990 285 2042 caturos
322 1988 402 2053 Quod
425 2004 480 2041 non
503 1987 563 2042 fore
582 1988 656 2043 dicto
674 1989 818 2043 audientes
838 2006 926 2058 neque
945 1990 1023 2059 signa

169 2061 252 2116 laturi
271 2063 404 2132 dieantur,
421 2063 488 2117 nihil
506 2080 536 2119 se
555 2080 588 2118 ea
611 2081 642 2118 re
666 2065 845 2132 commoveri3
862 2066 932 2120 scire
949 2067 1021 2120 enim

170 2137 376 2208 quibuscunque
398 2139 535 2194 exercitus
553 2140 627 2195 dicto
649 2141 763 2196 audiens
783 2158 836 2196 non
860 2141 951 2208 fucrit,
974 2143 1023 2196 ant

169 2214 240 2268 male
257 2218 384 2292 regesta
407 2215 543 2270 fortunam
567 2216 694 2286 defuisse,
717 2221 766 2272 aut
789 2218 879 2287 aliquo
903 2218 1021 2272 facinore

169 2293 308 2358 comperto
330 2290 472 2344 avaritiam
490 2308 550 2346 csse
567 2293 730 2347 convictam:
748 2309 825 2346 suam
841 2293 1022 2348 innocentiam

168 2368 303 2434 perpetua
321 2365 392 2434 vita,¹
403 2365 563 2422 felicitatem
582 2367 771 2422 Helvetiorum
788 2366 861 2420 bello
878 2384 938 2421 esse
960 2385 1022 2437 per-

169 2442 298 2508 spectam.
334 2440 435 2510 Itaque
446 2457 476 2495 se
487 2443 562 2511 quod
573 2443 601 2495 in
617 2442 767 2510 longiorem
783 2441 856 2495 diem
874 2443 1022 2497 collaturus

6 2503 11 2532 ³
99 2537 106 2548 ·
167 2514 273 2581 fuisset,
295 2520 563 2583 repraesentaturum
583 2521 613 2572 ot
630 2517 753 2586 proxima
772 2521 852 2572 nocte
870 2518 905 2572 de
923 2524 1023 2587 quarta

8 3227 14 3256 l

168 2591 259 2659 vigilia
271 2595 360 2646 castra
371 2595 516 2661 moturum,
528 2596 562 2647 ut
574 2593 785 2662 quamprimum
797 2594 950 2663 intelligere
961 2611 1022 2665 pos

169 2669 219 2734 set,
230 2670 323 2721 utrum
335 2667 409 2736 apud
421 2684 468 2722 eos
483 2669 572 2738 pudor
588 2672 673 2738 atque
691 2668 807 2723 officium
826 2687 860 2724 an
878 2671 962 2725 timor
978 2688 1023 2724 va-

168 2740 246 2796 leret
284 2743 364 2808 Quod
376 2743 399 2797 si
411 2748 556 2812 praeterea
566 2760 646 2798 nemo
659 2748 797 2814 sequatur,
810 2749 903 2800 tamen
918 2762 948 2799 se
960 2762 1021 2799 cum

169 2817 226 2871 sola
241 2818 347 2872 decima
362 2818 468 2886 legione
482 2818 585 2873 iturum
601 2819 637 2872 de
652 2836 707 2887 qua
722 2836 775 2874 non
797 2820 944 2888 dubitaret,
960 2821 1023 2875 sibi-

169 2908 222 2961 que
245 2909 306 2947 eam
327 2894 491 2963 praetoriam
511 2894 650 2949 cohortem
668 2895 796 2951 futuram.
832 2896 905 2951 Huic
923 2896 1023 2966 legioni

169 2967 311 3023 Caesarei
326 2969 476 3023 indulserat
490 2970 635 3039 praecipue
648 2974 678 3024 et
688 2974 802 3040 propter
816 2973 946 3026 virtutem
961 2989 1023 3026 con-

167 3041 273 3097 fidebat
284 3045 411 3098 maxime.

220 3122 261 3238 ill'
291 3118 353 3173 Hac
364 3117 486 3173 oratione
497 3117 592 3172 habita
603 3118 702 3173 mirum
713 3118 742 3172 in
754 3121 865 3176 modum
876 3135 1022 3178 conversae
