2175 3409
64 130 97 182 70
324 131 353 180 O.
376 131 477 180 JULII
495 129 671 178 cassatas

65 210 138 265 lacto
149 208 322 278 remiserunt,
333 211 364 263 et
375 209 404 262 in
415 207 537 277 petenda
553 223 620 276 pace
636 207 697 275 ejus
713 206 755 261 rei
770 208 878 276 culpam
893 207 922 261 in

66 285 273 340 multitudinem
291 285 465 339 consuerunt
483 288 513 338 et
532 288 647 353 propter
662 282 874 352 imprudentiam
890 287 922 338 ut

66 361 254 429 ignosceretur
277 361 442 429 petiverunt.
478 360 589 420 Caesar¹
604 363 725 428 questus,
745 360 818 429 quod
837 377 922 430 quum

66 438 139 491 ultro
158 438 185 490 in
202 437 387 490 coutinentem
403 437 502 504 legatis
517 436 608 489 missis
626 453 721 504 pacem
738 436 774 490 ab
793 454 823 491 se
841 438 923 506 petis-

67 516 135 581 sent,
146 512 250 566 bellum
262 513 321 566 sine
333 529 414 566 causa
428 512 595 579 intulissent,
610 512 751 579 ignoscere
766 513 923 581 impruden-

65 590 122 644 tiae
146 589 217 643 dixit
240 587 405 657 obsidesque
424 588 588 657 imperavit;
611 605 737 662 quorum¹
751 589 792 647 illi
814 594 923 658 partem

67 665 162 719 statim
175 664 320 732 dederunt,
332 669 441 734 partem
456 681 491 719 ex
505 663 741 738 longinquioribus
755 665 822 720 locis
834 682 923 720 arces

67 741 148 794 sitam
171 741 265 809 paucis
289 740 387 794 diebus
411 757 471 794 sese
495 739 609 794 daturos
636 740 774 795 dixerunt.
810 741 924 796 Interea

67 833 131 870 suos
142 817 292 884 remigrare
303 817 332 870 in
344 833 424 885 agros
432 816 585 884 jusserunt,
596 817 789 885 principesque
800 817 923 886 undique

67 892 210 947 convenire
226 897 255 947 et
271 910 301 947 se
316 893 497 962 civitatesque
516 908 580 945 suas
602 892 711 946 Caesari
731 893 923 946 commendare

67 973 224 1036 coeperunt.

121 1051 162 1099 28.
198 1045 251 1098 His
265 1044 348 1097 rebus
365 1061 432 1113 pace
448 1044 610 1097 confirmata
625 1047 688 1112 post
704 1043 780 1097 diem
795 1048 922 1111 quartum

68 1138 151 1190 quam
164 1124 207 1175 est
218 1121 247 1174 in
260 1120 431 1174 Britanniam
447 1122 567 1187 ventum,
578 1135 663 1173 naves
678 1135 758 1186 xum,
771 1120 807 1174 de
823 1120 922 1188 quibua

69 1214 150 1267 supra
172 1197 388 1252 demonstratum
406 1198 457 1262 est,
476 1211 547 1264 quae
566 1195 675 1263 equites
694 1197 868 1264 sustulerant,
887 1214 922 1250 ex

69 1274 209 1342 superiore
215 1275 298 1341 portu
306 1272 360 1325 leni
368 1274 450 1325 vento
458 1271 606 1324 solveumt.
641 1272 717 1336 Quae
729 1288 814 1340 quum
826 1288 922 1341 appro-

68 1350 234 1419 pinquarent
241 1347 400 1401 Britanniae
408 1351 437 1402 et
446 1364 481 1401 ex
490 1347 589 1401 castris
597 1347 764 1414 viderentur,
770 1351 922 1402 tantatem-

68 1429 162 1493 postas
175 1424 266 1478 subito
278 1427 427 1477 coortaest
443 1423 567 1477 utnulla
585 1439 679 1476 earum
698 1440 806 1477 cursum
827 1427 922 1478 tenere

68 1504 169 1570 posset,
182 1499 231 1553 sed
246 1500 316 1554 aliae
334 1500 432 1554 eodem
450 1499 524 1553 unde
542 1503 621 1553 erant
639 1500 778 1569 profectae
789 1500 922 1554 referren-

68 1581 122 1644 tur,
135 1576 205 1630 aliae
216 1576 252 1629 ad
263 1575 420 1629 inferiorem
432 1579 540 1644 partem
552 1575 664 1643 insiilae,
673 1592 744 1643 quae
755 1577 799 1629 est
811 1577 922 1645 propius

70 1653 133 1706 solis
140 1668 271 1719 occasum,
279 1668 378 1720 magno
388 1652 430 1705 sui
439 1668 500 1706 cum
509 1651 630 1720 periculo
643 1650 840 1718 dejicerentur3
852 1668 923 1720 quae

68 1732 162 1783 tamen
173 1729 278 1782 ancoris
288 1727 373 1797 jactis
385 1744 469 1796 quum
477 1727 605 1781 fluctibns
614 1727 822 1795 complerentur,
830 1744 923 1782 neces·

70 1805 140 1859 sario
149 1804 264 1858 adversa
270 1807 350 1858 nocte
358 1804 387 1857 in
396 1804 482 1857 altum
492 1801 637 1872 provectae
654 1803 839 1857 continentem
852 1804 923 1871 peti-

70 1883 158 1935 sumt

56 2014 59 2018 ,
122 1962 162 2011 29.
199 1955 304 2009 Eadem
323 1959 404 2009 nocte
422 1953 522 2008 accidit
544 1956 578 2007 ut
596 1956 669 2008 esset
687 1954 750 2007 luna
769 1954 856 2022 plena,
876 1954 924 2022 qni

6 3305 59 3361 k

71 2023 146 2088 dies*
150 2030 300 2086 maritimos
316 2036 409 2085 aestus
424 2030 557 2084 maximos
573 2029 601 2082 in
616 2028 725 2083 Oceano
740 2030 846 2084 efficere
861 2045 923 2083 con-

71 2109 167 2177 suevit,
179 2108 335 2175 nostrisque
347 2107 377 2160 id
389 2109 450 2160 erat
461 2106 635 2174 incognitum.
673 2106 720 2159 Ita
732 2122 786 2159 uno
800 2109 923 2173 tempore

71 2189 100 2239 et
119 2186 214 2253 longas
231 2199 322 2250 naves,
338 2182 437 2252 quibus
455 2182 555 2236 (laesor
570 2182 720 2236 exercitum
737 2184 923 2249 transportan-

71 2260 137 2315 dum
159 2263 302 2315 curaverat
320 2275 442 2328 quasque
460 2258 489 2311 in
507 2257 615 2310 aridum
634 2257 810 2323 subduxerat,
830 2259 923 2311 aestus

71 2336 232 2406 complebat,
245 2339 274 2389 ct
286 2336 423 2388 onerarias
435 2350 505 2403 quae
517 2333 554 2386 ad
565 2349 677 2387 ancoras
692 2336 772 2390 erant
787 2332 924 2400 deligatae

71 2416 221 2482 tempestas
245 2410 399 2478 afflictabat,
423 2426 512 2478 noque
535 2407 592 2461 ulla
614 2409 715 2462 nostris
738 2409 852 2462 facultas
874 2411 923 2461 aut

71 2487 279 2542 administrandi
310 2490 359 2540 aut
389 2484 536 2540 auxiliandi
567 2483 691 2539 dabatur.
733 2483 923 2553 Compluribus

71 2563 184 2617 navibus
206 2563 309 2630 fractis,
329 2562 450 2630 reliquae
465 2576 547 2629 quum
568 2562 661 2614 essent
682 2559 799 2626 funibus,
819 2560 924 2613 ancoris

71 2639 240 2707 reliquisque
252 2637 426 2691 armamentis
438 2636 544 2690 amissis
559 2636 596 2689 ad
609 2636 790 2703 navigandum
805 2635 923 2705 inutiles,

72 2731 176 2783 magna,
192 2713 223 2767 id
241 2713 316 2783 quod
333 2729 444 2767 necesse
462 2715 523 2766 erat
538 2711 669 2779 accidere,
686 2711 771 2765 totius
787 2703 923 2765 exer'oitus

72 2788 243 2857 perturbatio
266 2789 338 2843 facta
358 2791 408 2842 est.
444 2786 543 2856 Neque
564 2787 636 2840 enim
654 2804 737 2841 naves
755 2790 834 2840 erant
854 2786 924 2840 aliae

73 2863 171 2931 quibus
183 2864 318 2932 reportari
330 2865 449 2932 possent,
463 2866 492 2916 et
504 2863 594 2916 omnia
605 2863 720 2916 deerant
732 2878 803 2930 quae
814 2861 850 2915 ad
861 2862 924 2915 roli-

72 2939 182 2992 ciandas
204 2956 286 2992 naves
304 2942 382 2993 erant
401 2938 477 3003 usni3
494 2942 524 2992 et
545 2938 620 3005 quod
640 2939 767 2992 omnibus·
782 2937 924 2992 constabat

72 3011 188 3067 hiemari
211 3015 238 3066 in
259 3015 348 3069 Gallia
366 3018 499 3083 oportere,
517 3015 684 3068 frumentum
702 3011 745 3068 his
763 3014 793 3066 in
811 3014 876 3068 locis
895 3014 924 3068 iu

73 3086 190 3141 hiemem
202 3090 339 3155 provisum
351 3106 405 3142 non
417 3094 485 3142 erat.

126 3167 168 3217 30.
203 3162 308 3227 Quibus
319 3162 401 3226 rebus
415 3164 531 3231 coguitis
545 3166 681 3236 principes
697 3164 865 3231 Britanniae,
876 3166 925 3234 qui
