2175 3409
58 91 73 135 6
198 90 206 106 ’
311 85 339 135 O.
357 84 460 134 JULII
477 84 650 136 CAESARIS

60 165 152 220 Aedui
170 165 308 231 Ambarri,
325 162 471 218 necessarii
488 165 518 217 et
532 166 724 233 consanguinei
740 159 910 239 Aeduorum,
972 191 977 204 ·

59 242 205 294 Gaesarem
221 241 366 294 certiorem
381 241 485 294 faciunt
501 257 562 295 sese
579 232 750 311 depopuldtis
765 244 839 311 agris
855 261 909 298 non
999 243 1011 309 J

57 317 137 371 facile
156 317 191 369 ab
210 317 317 385 oppidis
335 318 390 370 vim
411 316 531 371 hostium
547 318 699 386 prohibere.
738 320 811 373 Item
833 321 909 375 Alta
956 387 958 390 .
1061 328 1067 372 a

57 392 164 459 broges,
173 394 220 461 qui
232 397 309 446 trans
323 393 485 468 Rhodqnum
493 394 567 447 vicos
578 396 816 464 possessionesque
826 396 908 450 habe
1028 463 1030 467 μ
1064 447 1066 452 ,

57 468 132 536 bant,
152 469 218 537 fuga
237 486 267 523 se
286 469 322 522 ad
344 469 489 523 Gaesarem
508 471 649 537 recipiunt,
670 475 699 525 et
719 471 919 537 demonstrant
1026 468 1029 478 ¹
1061 473 1064 480 '

57 545 109 598 sibi
121 548 233 613 praeter
244 546 303 613 agri
315 546 402 599 solum
413 545 481 598 nihil
492 560 553 599 esse
564 546 670 614 reliqui.
708 546 814 611 Quibus
825 547 908 602 rebus

56 621 194 675 adductus
217 621 318 676 Caesar
336 639 390 676 non
409 621 627 689 exspectandum
648 622 699 676 sibi
719 624 817 677 statuit
840 623 906 677 dum

55 696 180 750 omnibus
192 697 309 751 fortunis
321 699 453 752 sociorum
465 698 633 765 consumptis
649 698 678 751 in
693 688 827 753 Santoiros
839 698 908 752 Hel-

56 772 122 825 vetii
134 773 314 841 pervenirent.

109 853 147 901 12.
184 848 299 903 Illumen
317 852 360 902 est
374 850 455 916 Arar,
468 848 542 916 qued
559 865 609 916 per
620 849 689 902 lines
701 849 861 903 Aeduorum
876 853 906 904 et

55 922 242 993 Sequanorum
254 927 282 978 in
295 925 456 979 Rhodanum
468 925 555 978 influit
566 924 718 977 incredibili
733 925 854 996 lenitate,
866 926 906 979 ita

54 1003 87 1052 ut
99 1001 182 1055 oculis
193 1002 221 1053 in
232 1005 323 1056 utram
335 1005 442 1070 partem
456 999 523 1053 fluat
536 998 656 1066 judicari
669 1016 724 1053 non
734 1001 831 1068 possit.
869 1001 904 1054 Id

56 1074 177 1129 Helvetii
188 1077 293 1130 ratibus
305 1093 336 1130 ae
347 1076 474 1130 lintribus
480 1074 585 1142 junctis
596 1075 757 1130 transibant.
787 1076 842 1129 Ubi
854 1094 905 1145 per

54 1152 241 1219 exploratores
259 1152 360 1206 Caesar
377 1152 477 1205 certior
497 1152 586 1205 faetus
605 1154 649 1205 est
664 1155 722 1205 tres
735 1151 795 1219 jam
810 1156 903 1219 partes

54 1228 190 1295 copiarum
200 1228 343 1282 Helvetios
352 1227 382 1280 id
391 1228 491 1280 flunren
500 1226 694 1293 transduxisse,
702 1230 829 1295 quartam
837 1243 903 1281 vcro

53 1307 162 1371 partem
180 1304 251 1357 citra
268 1303 369 1356 flumen
389 1302 499 1357 Ararim
518 1303 651 1370 reliquam
675 1318 741 1367 esse,
761 1302 797 1356 de
819 1303 903 1357 tertia

53 1379 144 1445 vigilia
159 1395 221 1433 cum
234 1379 385 1447 legionibus
399 1377 487 1432 tribus
501 1394 519 1430 e
533 1379 630 1431 castris
644 1378 782 1446 profectam
794 1377 830 1430 ad
841 1394 902 1432 eam

53 1457 160 1521 partem
178 1455 304 1523 pervenit
320 1457 391 1522 quae
406 1453 526 1507 nondum
541 1453 641 1507 flumen
655 1454 810 1507 transierat.
846 1453 902 1507 llos

53 1529 198 1597 impeditos
221 1533 251 1584 et
273 1530 443 1598 inopinantes
467 1529 613 1597 adgressus
640 1545 766 1596 magnam
794 1532 901 1598 partem

53 1623 147 1659 eorum
165 1605 298 1660 concidit:
316 1606 413 1674 reliqui
431 1622 490 1659 sese
505 1605 587 1672 fugae
600 1604 766 1658 mandarunt
777 1608 862 1672 atque
872 1606 901 1657 in

51 1682 188 1749 proximas
218 1682 298 1735 silvas
327 1681 497 1735 abdideramt
539 1681 569 1733 Is
597 1697 685 1749 pagus
713 1679 901 1748 appellabatur

52 1758 211 1825 'ligurinum
227 1773 291 1811 nam
303 1758 389 1812 omnis
400 1758 496 1810 civitas
508 1756 637 1810 Helvetia
647 1757 676 1809 in
688 1759 805 1824 quatuor
815 1772 901 1825 pagos

51 1832 136 1886 divisa
148 1836 196 1888 est.
235 1834 289 1887 Hic
300 1850 386 1902 pagus
396 1847 466 1886 unus
479 1848 562 1900 quum
578 1831 658 1885 domo
675 1832 777 1885 exisset
790 1835 900 1900 patrum

50 1912 206 1963 nostrorum
218 1910 349 1963 memoria
365 1910 395 1962 L.
404 1909 526 1963 Cassium
538 1907 676 1962 consulem
687 1908 863 1962 interfecerat
872 1911 901 1962 et

51 1984 110 2053 ejus
127 1986 278 2039 exercitum
295 1985 346 2038 sub
360 1985 458 2052 jugum
475 1985 595 2037 miserat.
634 1983 679 2037 Ita
691 1983 748 2037 sire
759 1999 831 2049 casu,
844 1983 901 2037 sire

50 2061 158 2114 consilio
170 2061 284 2114 deornm
294 2060 494 2127 immortalium,
506 2075 578 2127 quae
589 2075 653 2127 pars
664 2059 782 2113 civitatis
799 2058 900 2112 Helve-

49 2137 105 2190 tiae
116 2137 250 2204 insignem
264 2136 447 2192 calamitatem
461 2134 561 2203 populo
577 2135 699 2188 Romano
715 2134 854 2200 intulerat,
866 2151 900 2188 ca
952 2142 955 2148 '

48 2213 175 2281 princeps
185 2228 288 2282 poenas
299 2211 436 2281 persolvit.
473 2210 534 2274 Qua
544 2211 573 2264 in
589 2226 620 2264 re
633 2210 733 2264 Caesar
743 2227 798 2263 non
812 2211 898 2264 solum

48 2288 169 2356 publicas
181 2288 231 2343 sed
243 2288 325 2342 etiam
337 2289 457 2357 privatas
468 2287 582 2356 injurias
593 2286 668 2340 ultus
685 2290 737 2354 est,
749 2286 824 2355 quod
838 2285 899 2354 ejus

48 2364 134 2418 soceri
154 2365 184 2418 L.
205 2363 310 2419 Pisonis
329 2381 416 2432 avum,
433 2364 463 2418 L.
485 2363 612 2417 Pisonem
630 2362 759 2431 legatum,
777 2362 899 2430 'ligurini

48 2439 145 2493 eodem
156 2440 259 2509 proelio
271 2457 326 2509 qno
338 2441 460 2495 emaum
471 2440 673 2495 interfecerant.

101 2521 141 2570 13.
178 2516 240 2569 Hoc
254 2517 357 2585 proelio
373 2517 446 2571 facto
465 2517 586 2584 reliquas
599 2514 690 2583 copias
707 2513 898 2570 Helvetiorum

47 2595 79 2646 ut
98 2593 227 2660 consequi
243 2597 337 2661 posset
354 2596 467 2661 pontem
485 2594 514 2646 in
531 2593 621 2646 Arare
638 2590 792 2644 faciendum
811 2594 897 2658 curat,

47 2672 131 2736 atque
142 2668 182 2721 ita
194 2669 342 2721 exercitum
354 2669 513 2723 transducit.
545 2667 667 2722 Helvetii
678 2667 823 2735 repentino
836 2666 898 2734 ejus

47 2743 168 2796 adventu
191 2744 327 2809 commoti,
347 2760 431 2811 quum
454 2744 484 2797 id
507 2744 583 2813 quod
605 2744 658 2813 ipsi
681 2743 779 2797 diebus
801 2743 898 2810 viginti

46 2820 197 2887 aegerrime
216 2820 398 2886 confecerant,
409 2823 441 2873 ut
459 2820 561 2874 litamen
576 2819 732 2884 transirent,
748 2819 825 2873 illum
842 2834 897 2872 uno

48 2894 92 2947 die
109 2895 206 2949 seciam
222 2895 414 2962 intelligerent,
427 2897 532 2964 legatos
549 2895 586 2949 ad
603 2911 666 2949 eum
683 2896 805 2962 mittunt,
820 2894 898 2963 eujus

46 2968 190 3037 legationis
209 2970 304 3024 Divico
322 2971 448 3041 princeps
465 2972 524 3039 luit
540 2972 587 3040 qui
605 2971 677 3025 bello
696 2971 824 3025 Cassiano
840 2971 897 3024 dux

49 3044 240 3099 Helvetiorum
250 3046 348 3100 fuerat
385 3046 415 3100 Is
425 3048 466 3102 ita
476 3064 538 3102 eum
551 3048 668 3102 Caesare
679 3047 749 3116 egit:
762 3047 791 3101 si
801 3063 898 3116 pacem

47 3119 163 3188 populus
177 3119 316 3174 Romanus
329 3138 391 3176 cum
406 3124 540 3179 Helvetiis
553 3119 664 3191 faceret,
675 3124 704 3178 in
718 3139 778 3178 eam
789 3126 897 3193 partem
