2175 3409
75 102 123 148 116
330 98 358 147 O.
376 97 394 145 J
398 96 485 154 ULII¹
495 88 672 145 CAESARIS

75 177 128 233 etsi
152 177 274 232 omnium
297 175 380 231 animi
403 176 440 231 ad
467 175 654 231 ulciscendum
677 172 821 240 ardebant,
844 188 927 241 quam

72 270 140 307 ,cum
151 254 243 322 aliquo
255 252 375 306 militum
387 251 554 309 detrimento
565 256 718 307 noceretur.
752 250 876 314 Dimittit
891 249 928 318 ad

76 330 205 384 finitimas
230 329 356 384 civitates
381 328 492 384 nuncios
516 329 625 396 Fecsar,
639 344 733 383 omues
750 326 787 382 ad
803 329 928 381 sevocat

77 422 126 475 spe
144 405 264 475 praedae
276 406 312 458 ad
323 405 492 475 diripiendos
507 406 655 471 Eburones,
666 406 699 458 ut
710 402 803 472 potius
814 402 842 456 in
854 401 927 455 silvis

77 480 219 540 Gallorum
227 480 286 534 vita
294 497 376 554 quam
387 481 551 550 legionarius
563 480 641 533 miles
653 466 837 547 periclitetud3
847 477 926 531 simul
979 486 997 514 ί

77 560 109 611 ut
120 573 220 625 magna
230 556 408 612 multitudine
420 556 581 611 circumflua
592 572 642 624 pro
654 555 703 610 tali
713 555 838 619 facinore¹
845 553 928 621 stirps

77 649 109 686 ac
124 648 224 687 nomen
240 632 361 694 ciuitatis
375 633 494 688 tollatur.
530 631 649 699 Magnus
665 630 786 699 undiquc
799 644 928 683 uumerus

77 706 206 763 celeriter
217 709 350 763 convenit.

82 809 98 834 a.
130 789 170 837 35.
207 783 324 838 Haecin
340 783 467 838 omnibus
482 782 641 836 Eburonum
658 781 783 851 partibus
796 779 928 850 gerebam

78 861 132 925 tur,
144 858 259 928 diesque
270 860 420 929 appetebat
432 858 573 928 septimus,
585 875 668 927 quem
684 858 721 911 ad
736 858 810 911 diem
826 856 928 911 Caesar

78 934 115 990 ad
129 934 325 1004 impedimenta
336 936 525 1004 legionemque
537 934 639 988 reverti
650 934 839 988 constituerat.
875 932 928 985 Hic

80 1011 252 1079 quantumin
262 1010 334 1066 belle
345 1011 456 1067 fortuna
471 1009 559 1079 possit
571 1013 600 1065 ct
612 1013 727 1080 quantos
739 1009 836 1063 afferat
848 1023 928 1063 casus

78 1086 203 1154 cognosci
222 1088 320 1155 potnit
355 1086 503 1156 Dissipatis
520 1101 553 1140 ac
574 1085 730 1154 perterritis
746 1083 878 1152 hostibus,
896 1087 928 1138 ut

79 1160 333 1231 demonstravimus,
351 1179 448 1218 manus
465 1165 526 1217 crat
543 1161 618 1215 nulla
635 1178 705 1229 quae
721 1176 833 1230 parvam
846 1160 928 1214 mede

75 1252 189 1296 *causam
207 1238 313 1293 timeris
330 1239 448 1293 afferret.
483 1237 570 1291 Trans
585 1236 712 1291 Rhenum
726 1236 764 1290 ad
778 1236 928 1299 Germanos

79 1314 205 1381 pervenit
221 1315 294 1369 fama
312 1315 393 1384 diripi
412 1314 554 1368 Eburones
577 1318 660 1381 atque
683 1313 756 1367 ultre
777 1328 873 1377 omnes
891 1311 928 1367 ad

80 1388 210 1455 praedam
222 1390 336 1443 evocari.
371 1391 480 1457 (legeint
496 1388 620 1457 equitum
634 1387 689 1441 duo
703 1387 778 1441 milia
792 1386 930 1460 Sigambri

80 1463 127 1529 qui
152 1466 216 1516 sunt
238 1463 354 1532 preximi
380 1465 483 1532 Rheno,
500 1480 518 1517 a
540 1461 640 1531 quibus
662 1466 787 1531 receptos
810 1478 845 1516 ex
862 1462 929 1529 fuga

81 1537 264 1592 'lenchtheros
276 1542 360 1608 atque
372 1540 500 1608 Usipetes
516 1555 599 1607 supra
614 1538 767 1593 docuimus:
785 1541 928 1593 transeunt

82 1613 209 1670 Rhenum
220 1613 334 1668 naribus
345 1614 504 1682 ratibusque
515 1628 574 1666 xxx
589 1613 698 1667 milibus
715 1629 843 1683 passuum
858 1612 929 1666 infra

78 1704 143 1741 cum
160 1687 249 1742 locum
266 1689 314 1743 ubi
331 1705 400 1758 pens
417 1692 477 1744 erat
500 1689 639 1757 perfectus
656 1687 875 1757 praesidiumque
893 1687 928 1753 ab

81 1763 198 1818 Caesare
207 1763 348 1820 relictum:
358 1765 460 1834 primes
469 1764 627 1817 Eburomrm
634 1763 703 1818 fines
711 1762 929 1833 adeunt,multos

80 1855 115 1892 ex
126 1839 192 1906 fuga
198 1838 336 1909 dispersos
345 1839 491 1908 excipiunt,
498 1856 597 1907 magno
608 1839 715 1908 pecoris
723 1854 844 1907 numero,
851 1839 929 1907 cujus

80 1917 145 1968 sunt
168 1914 336 1983 cupidissimi
359 1914 480 1980 barbari,
502 1916 652 1983 potiuntur.
689 1915 803 1969 Invitati
826 1914 929 1983 praeda

79 1989 185 2057 longius
196 1990 356 2058 procedunt.
385 1991 411 2044 N
412 2007 447 2044 en
459 1990 509 2044 hes
520 1990 598 2058 palus
605 1990 634 2043 in
645 1990 717 2044 bello
726 1989 928 2058 latrociniisque

80 2068 165 2132 natos,
178 2081 232 2119 non
244 2065 327 2119 silvae
339 2070 492 2121 morantur:
505 2064 604 2133 quibus
615 2065 644 2118 in
655 2065 721 2119 locis
733 2065 770 2119 sit
781 2064 882 2119 Caesar
893 2081 928 2119 ex

80 2139 194 2209 captivis
207 2145 357 2209 quaeruut;
372 2142 523 2211 prefectum
535 2140 643 2209 longius
658 2141 798 2210 reperiunt
809 2156 928 2195 emnem·

81 2233 134 2285 que
152 2218 302 2271 exercitum
320 2217 476 2272 discessisse
493 2219 666 2285 cognoscunt
701 2218 796 2284 Atque
808 2231 879 2270 unus
893 2232 928 2270 ex

80 2293 202 2362 captivis,
217 2293 290 2358 Quid
307 2310 362 2361 vos,
374 2292 470 2363 inquit,
482 2293 552 2347 hanc
568 2292 695 2346 miseram
706 2308 738 2346 ae
748 2296 861 2345 tenuem
872 2307 929 2349 sec.

80 2368 175 2422 taurini
194 2365 332 2438 praedam,
350 2370 449 2438 quibus
466 2368 530 2423 lieet
543 2367 604 2437 jam
618 2384 679 2422 csse
689 2366 928 2422 fortunatissimis?

80 2444 179 2498 Tribus
196 2444 270 2499 horis
289 2444 479 2499 Aduaetucem
495 2445 590 2498 venire
612 2443 741 2512 potestis:
764 2442 818 2496 buc
835 2458 929 2497 omnes

80 2537 143 2575 suas
161 2520 284 2575 fertrmas
298 2521 434 2575 exercitus
451 2520 634 2575 Romanorum
650 2518 780 2584 eontulit;
797 2518 929 2587 praesidii

80 2599 188 2651 tantum
200 2600 243 2651 est
254 2599 286 2650 ut
297 2612 332 2650 nc
343 2612 437 2651 murus
449 2594 561 2664 quidem
573 2594 645 2663 cingi
655 2593 744 2665 possit
751 2610 843 2662 neque
856 2594 929 2661 quis·

80 2688 164 2740 quam
176 2671 269 2739 egredi
282 2674 360 2725 extra
371 2670 537 2726 munitiones
548 2670 657 2724 audeat.
693 2668 793 2724 Oblata
801 2686 850 2738 spe
863 2669 930 2723 Ger-

79 2746 153 2800 mani
166 2762 247 2815 quam
262 2746 335 2800 nacti
351 2750 430 2801 crant
448 2746 579 2815 praedam
592 2745 620 2797 in
635 2745 740 2799 occulto
756 2743 929 2812 relinquunt3

79 2821 131 2888 ipsi
145 2821 320 2875 Aduatucam
337 2820 507 2876 contendunt
521 2820 565 2875 usi
581 2821 677 2876 eodem
691 2820 760 2874 duce
772 2818 850 2888 eujus
863 2819 931 2874 haec

79 2894 180 2949 indicio
192 2900 381 2963 cognoverant.

131 2975 173 3024 36.
209 2970 310 3038 Cicero,
318 2972 365 3040 qui
377 2969 450 3041 [per]
462 2987 556 3026 omnes
564 2970 719 3040 superiores
730 2970 790 3025 dies
802 2986 931 3039 praecep

79 3044 117 3098 tis
135 3044 259 3098 Caesaris
276 3045 361 3115 [cum]
379 3063 484 3101 summa
506 3046 651 3115 diligentia
668 3046 770 3102 milites
787 3047 815 3100 in
832 3046 931 3101 castris

80 3119 257 3172 continuisset
280 3136 311 3173 ac
334 3138 369 3175 ne
392 3122 513 3178 calonem
536 3122 648 3192 quidem
665 3139 830 3193 quemquam
850 3126 932 3177 extra
