2175 3409
495 104 608 154 LIBER
625 104 690 154 VH.
721 137 728 152 s
974 111 1020 162 137

162 188 224 244 „His
235 201 318 255 quam
330 184 488 253 longissime
500 187 613 252 possent
626 185 755 254 progredi
762 184 856 253 jussis,
869 203 952 256 quum
960 188 1018 256 jam
1083 193 1084 248 ἱ

87 272 97 292 ’
164 280 204 330 cx
217 263 272 316 diei
284 266 408 330 tempore
425 261 610 329 conjecturam
625 264 736 330 caperet
751 262 781 315 in
799 267 891 317 castra
906 281 1021 330 perven-

168 343 236 406 tum,
255 337 353 392 iisdem
374 337 484 391 sublicis
503 354 617 405 quarum
637 354 701 406 pars
719 339 832 393 inferior
853 340 961 408 integra
978 358 1022 395 re-
1083 359 1084 396 u

168 414 298 469 manebat
308 417 420 482 pontem
430 414 543 467 reficere
555 414 652 481 coepit.
689 414 824 470 Celeriter
833 416 930 470 effecto
939 433 1022 485 opere
1083 415 1084 470 ἶ

167 490 374 559 legionibusque
393 488 568 558 transductis,
579 492 609 542 et
625 490 683 543 loco
694 492 791 545 castris
802 491 901 545 idoneo
913 492 1021 547 delecto
1083 529 1084 564 ᾗ

168 568 288 637 reliquas
307 567 399 637 copias
417 566 563 622 revocarit.
597 567 805 636 Vercingetorix
816 584 848 622 re
860 570 975 636 cognita,
986 586 1022 622 ne
1083 567 1084 580 ¹

168 648 263 698 contra
289 661 366 698 suam
391 643 560 697 voluntatem
585 642 715 697 dimicare
739 647 891 711 cogeretur,
914 645 1020 712 magnis
1083 675 1084 686 κ

167 720 310 774 itineribus
326 720 479 774 antecessit.
568 727 575 752 ‘

220 801 260 851 36.
298 796 398 850 Caesar
419 811 453 848 cx
472 811 505 848 eo
529 794 588 847 loco
611 794 713 861 quintis
736 795 833 849 eastris
857 795 1021 865 Gergoviam

167 872 301 941 pervenit,
314 870 491 939 equestrique
502 869 606 937 proelio
617 886 650 923 eo
662 870 707 925 die
718 870 770 924 leri
783 871 864 938 lacto,
876 876 1021 941 perspecto

167 948 245 1002 urbis
257 948 320 1016 situ,
332 963 403 1016 quae
415 946 505 1014 posita
516 946 544 998 in
561 946 693 1000 altissimo
709 950 803 1002 moute
817 964 912 1002 omnes
928 948 1020 1001 aditus
1083 981 1085 1018 ξ

168 1024 291 1079 difficiles
301 1023 428 1087 habebat,
440 1023 476 1076 de
488 1022 690 1091 expugnatione
702 1023 872 1092 desperavit3
885 1023 921 1077 de
929 1023 1021 1076 obses-
1083 1035 1084 1050 ³

148 1165 153 1171 ἢ
169 1101 244 1155 sione
255 1118 309 1154 non
320 1101 398 1168 prius
414 1098 551 1167 agendum
567 1099 711 1153 constituit
729 1115 812 1167 quam
828 1115 887 1151 rem
902 1099 1020 1153 frumen-
1083 1101 1085 1148 ἶ

168 1176 267 1235 terim
296 1176 460 1244 expedisset.
497 1176 538 1229 At
567 1174 784 1241 Vercingetorix,
808 1175 905 1229 castris
935 1192 1021 1244 prope

168 1252 299 1321 oppidum
311 1252 349 1322 [in
361 1250 465 1320 monte]
473 1250 579 1319 positis,
588 1250 771 1308 mediocribus
780 1252 882 1305 circum
892 1268 922 1305 se
937 1252 1021 1304 iuter-

168 1328 246 1383 rallis
273 1328 420 1397 separatim
450 1326 618 1395 singularum
645 1326 797 1381 civitatium
824 1327 915 1396 copias
942 1327 1021 1381 collo

167 1408 277 1460 caverat
284 1425 291 1470 ;
311 1408 394 1472 atque
406 1403 532 1457 omnibns
544 1401 605 1471 ejus
611 1402 673 1470 jugi
685 1402 799 1457 collibus
815 1403 952 1471 occupatis
967 1419 1021 1471 qua

169 1480 272 1549 despici
283 1483 393 1549 poterat
404 1478 564 1533 horribilem
575 1479 692 1547 speciem
704 1478 862 1546 praebebat,
874 1479 1021 1548 principes-

169 1572 223 1623 que
235 1571 329 1609 earnm
340 1556 499 1622 civitatium,
511 1571 581 1623 quos
594 1554 645 1607 sibi
657 1554 693 1608 ad
704 1554 845 1608 consilium
859 1554 1020 1623 capiendum

169 1631 318 1699 delegerat,
330 1632 420 1701 prima
431 1631 493 1684 luce
504 1630 630 1699 quotidie
643 1630 679 1684 ad
693 1648 723 1685 se
735 1630 854 1698 jubebat
868 1631 1020 1698 convenire,

169 1723 218 1761 seu
241 1706 309 1776 quid
333 1705 586 1761 communicandum
610 1722 659 1759 seu
682 1707 749 1775 qnid
773 1707 1021 1761 administrandum

169 1783 317 1847 videretur,
336 1799 426 1851 neque
450 1782 536 1835 ullum
560 1782 618 1835 fere
637 1781 710 1836 diem
730 1783 935 1837 intermittebat
955 1783 1021 1851 quin

170 1860 292 1929 equestri
311 1858 415 1929 proelio
432 1856 587 1925 interjectis
604 1858 761 1926 sagittariis,
780 1858 848 1928 quid
866 1859 894 1912 in
912 1874 1021 1927 quoquc

169 1938 243 1989 esset
266 1934 350 1988 animi
373 1950 405 1988 ac
421 1934 532 1988 virtutis
550 1950 660 1988 suorum
677 1933 885 2003 periclitaretur.
900 1941 901 1946 ’
919 1934 1021 1988 Erato

169 2012 281 2080 regione
293 2010 386 2081 oppidi
398 2010 538 2072 collissub
553 2011 619 2079 ipsis
635 2010 772 2064 radicibus
787 2011 896 2078 montis,
911 2010 1022 2078 egregie

170 2088 291 2142 munitus
302 2091 386 2156 atque
398 2103 432 2141 ex
444 2086 518 2140 omni
529 2089 610 2155 parte
621 2086 804 2153 circumcisus,
816 2102 898 2155 quem
910 2086 932 2138 si
945 2089 1022 2140 tene-

169 2167 233 2219 rent
244 2163 340 2231 nostri,
352 2166 381 2217 et
393 2178 481 2231 aquae
493 2179 592 2231 magna
603 2166 683 2231 parte
698 2167 728 2215 et
742 2161 920 2231 pabulatione
936 2161 1022 2215 libera

170 2239 335 2309 prohibituri
346 2239 440 2293 hostes
452 2238 631 2303 videbantnr3
650 2238 700 2292 sed
712 2238 736 2292 is
748 2238 822 2291 locus
833 2237 971 2306 praesidio
986 2237 1022 2291 ab

170 2316 203 2369 iis
226 2332 280 2369 non
301 2315 380 2369 nimis
400 2315 480 2368 firmo
503 2314 664 2379 tenebatnr3
688 2318 781 2368 tamen
805 2313 912 2367 silentio
934 2314 1023 2366 noctis

172 2392 273 2446 Caesar
295 2408 331 2445 en
353 2391 450 2445 castris
474 2405 608 2458 egressus,
631 2390 707 2459 prius
730 2405 813 2459 quam
842 2388 964 2443 subsidio
988 2404 1021 2441 ex

171 2467 271 2535 oppido
283 2467 370 2521 veniri
381 2470 474 2536 posset
486 2466 597 2534 dejecto
608 2465 744 2534 praesidio
756 2466 860 2535 potitus
876 2464 944 2532 loeo,
954 2463 1023 2518 diras

170 2541 210 2596 ibi
233 2544 352 2611 legiones
370 2543 518 2611 collocarit,
536 2544 691 2611 fossamque
710 2542 847 2612 duplicem
867 2541 1023 2595 duodenum

171 2617 274 2688 pedum
285 2636 302 2671 a
313 2619 462 2687 majoribus
478 2619 576 2674 castris
592 2618 628 2671 ad
644 2618 749 2672 minora
762 2618 901 2686 perduxit,
912 2621 945 2671 ut
961 2620 1023 2670 tuto

171 2694 207 2748 ab
230 2695 374 2762 repentino
390 2694 510 2750 hostium
526 2695 637 2749 incursu
654 2694 737 2749 ctiam
754 2695 854 2762 singuli
871 2709 1024 2748 commeare

171 2773 292 2838 possent.
941 2819 944 2826 ,

224 2850 265 2903 37.
300 2846 374 2899 Dum
392 2846 460 2910 haec
474 2845 511 2899 ad
528 2846 690 2914 Gergoviam
707 2848 848 2913 geruntur,
861 2844 1024 2900 Convictoli-

172 2922 246 2975 tanis
267 2920 390 2989 Aeduus,
406 2922 451 2976 eui
467 2923 659 2989 magistratum
678 2920 865 2990 adjudicatum
878 2938 895 2973 a
907 2921 1024 2974 Caesare

172 2996 426 3064 demonstravimus,
445 2997 606 3051 sollicitatus
623 2998 659 3051 ab
678 2996 811 3050 Arvernis
828 2997 945 3065 pecunia
962 3012 1024 3048 cum

172 3071 338 3142 quibusdam
367 3073 587 3127 adolescentibus
616 3072 787 3140 colloquitur,
817 3086 933 3139 qnorum
963 3070 1024 3121 erat

161 3149 301 3220 princeps
318 3148 457 3204 Litavicus
468 3146 624 3218 atqucejus
632 3149 740 3212 fratres,
749 3145 915 3214 amplissima
922 3142 1026 3198 familia

994 3250 1085 3383 A
