2175 3409
78 117 112 176 '24
333 119 362 170 0.
380 120 398 170 J
401 120 483 170 ULII
500 118 673 169 CAESARIS

78 220 111 258 ac
126 204 267 272 superatas
282 217 348 256 esse.
384 199 414 255 si
427 201 528 254 iterum
543 200 662 269 experiri
676 200 769 265 velint,
784 216 814 254 se
827 202 928 258 iterum
957 213 961 220 ·

78 282 206 351 paratum
218 294 278 332 esse
290 277 447 341 decertare;
462 276 485 330 si
497 293 565 346 paee
576 276 619 330 uti
631 276 723 343 velint,
734 276 857 345 iniquum
869 292 929 330 esse

79 355 115 410 de
127 353 263 424 stipendio
274 369 408 419 recusare,
421 351 495 421 quod
508 369 558 406 sua
571 351 713 406 voluntate
726 351 762 405 ad
775 351 806 405 id
819 355 930 421 tempus

78 429 267 502 pependerint
302 428 461 482 Amicitiam
472 428 568 497 populi
580 427 696 484 Romani
707 428 758 482 sibi
770 434 929 484 ornamento

79 509 110 562 et
120 505 256 575 praesidio
268 521 321 558 non
333 504 499 559 detrimento
516 520 577 558 esse
594 508 728 572 oportere,
745 487 829 574 idque
848 522 878 559 se
897 522 931 560 ea

80 597 129 651 spe
140 582 248 651 petisse.
284 580 313 634 Si
326 596 377 648 per
389 579 519 648 populum
536 580 687 634 Romanum
705 580 869 649 stipendium
880 584 931 636 're-

79 659 208 712 mittatur
221 659 250 711 et
265 654 390 710 dediticii
410 654 613 721 subtrahantur,
633 671 686 708 non
705 656 794 709 minus
812 657 931 712 libenter

80 749 141 788 sese
155 735 344 786 recusaturum
359 730 452 799 populi
462 729 578 783 Romani
595 730 743 783 amicitiam
755 747 837 799 qnam
850 750 931 803 appe

79 808 164 864 tierit.
200 807 280 874 Quod
308 805 513 860 multitudinem
537 804 735 860 Germanorum
761 807 790 860 in
814 808 931 863 Galliam

80 884 248 952 transducat,
259 883 290 938 id
302 899 332 936 se
345 882 386 936 sui
397 881 537 936 muniendi
549 897 603 937 non
615 881 721 937 Galliae
732 884 931 953 impugnandae

80 975 162 1015 causa
172 960 277 1014 facere:
290 958 349 1027 ejus
360 957 402 1012 rei
414 957 571 1012 testimonio
587 974 648 1012 esse
662 958 737 1027 quod
752 960 805 1014 nisi
819 964 932 1029 rogatus

80 1051 134 1091 non
145 1035 260 1103 venerit,
271 1038 301 1089 et
313 1032 387 1103 quod
398 1033 501 1087 bellum
512 1049 568 1087 non
575 1033 700 1088 intulerit
710 1034 760 1089 sed
769 1035 931 1092 defenderit

82 1111 118 1170 Se
130 1111 205 1181 prius
217 1111 245 1165 in
262 1110 378 1165 Galliam
396 1108 503 1163 venisse
521 1125 605 1178 quarn
622 1110 752 1178 populum
771 1111 930 1166 Romanum.

82 1186 238 1256 Numquam
256 1190 321 1240 ante
339 1185 390 1240 hoc
408 1188 517 1272 tempus
535 1185 687 1239 exercitum
705 1187 798 1254 populi
817 1187 932 1242 Romam

82 1263 188 1317 Galliam
199 1261 352 1332 provinciae
364 1260 432 1314 fines
449 1276 597 1327 egressum.
633 1260 706 1325 Quid
718 1257 769 1315 sibi
784 1262 868 1317 vellet
883 1280 932 1317 cur
974 1287 978 1294 ·
1013 1267 1033 1286 >²

81 1337 111 1392 in
134 1355 196 1393 suas
218 1337 401 1406 possessiones
419 1335 543 1390 veniretl
580 1334 748 1390 Provinciam
768 1354 843 1391 suam
862 1339 933 1392 hanc

82 1430 144 1469 esse
156 1412 279 1478 Galliam
292 1412 363 1466 sicut
374 1411 449 1465 illam
465 1414 594 1466 nostram.
629 1410 670 1465 Ut
685 1412 738 1480 ipsi
753 1413 864 1467 concedi
878 1430 932 1467 non

82 1490 230 1558 oporteret
242 1487 265 1541 si
277 1488 306 1540 in
318 1490 426 1541 nostros
442 1487 511 1541 fines
528 1487 661 1556 impetum
680 1487 791 1554 faceret,
807 1488 846 1543 sic
864 1488 933 1543 item

82 1580 132 1618 nos
150 1579 210 1618 csse
227 1562 335 1632 iniquos
354 1561 429 1631 quod
446 1563 475 1616 in
496 1578 547 1616 suo
559 1561 624 1630 jure
644 1578 673 1616 se
691 1563 933 1633 interpellaremus

84 1638 164 1704 Quod
186 1639 287 1693 iratres
311 1637 339 1708 [e
362 1641 472 1692 senatus
496 1636 631 1707 consulto]
649 1637 764 1692 Aeduos
783 1639 934 1708 appellatos

83 1715 195 1782 diceret,
208 1732 262 1769 non
274 1731 304 1769 se
313 1718 370 1769 tam
381 1713 528 1767 barbarum
539 1729 629 1781 neque
641 1717 698 1766 tam
707 1714 865 1783 imperitum
874 1732 934 1769 esse

83 1807 176 1845 rerum
193 1794 225 1845 ut
243 1806 297 1844 non
315 1789 398 1844 sciret
416 1805 505 1857 neque
523 1787 595 1841 bello
614 1788 793 1858 Allobrogum
810 1790 934 1859 proximo

85 1866 199 1921 Aeduos
219 1865 348 1920 Romanis
369 1864 499 1918 auxilium
518 1863 621 1932 tulisse,
641 1880 730 1932 neque
748 1866 820 1934 ipsos
839 1865 868 1919 in
890 1866 934 1920 his

84 1940 308 2009 contentionibus,
334 1956 402 2009 quas
428 1938 520 1993 Aedui
545 1955 637 1993 secum
663 1942 776 1994 etcum
796 1941 935 2010 Sequanis

84 2016 251 2085 habuissent,
272 2016 374 2071 auxilio
391 2015 484 2085 populi
504 2013 621 2069 Rotnani
639 2031 704 2069 usos
722 2031 789 2070 esse.
825 2016 935 2072 Debere

84 2110 115 2149 se
127 2093 257 2163 suspicari
270 2092 396 2147 simulata
408 2093 553 2146 Caesarem
563 2090 690 2158 amicitia,
699 2091 774 2160 quod
782 2092 934 2148 exercitum

84 2169 113 2224 in
133 2169 221 2224 Gallia
239 2169 348 2236 habeat,
370 2167 413 2221 sui
436 2166 609 2237 opprimendi
632 2182 713 2221 causa
736 2166 845 2222 habere.
881 2169 935 2241 Qui

84 2245 136 2300 nisi
149 2244 266 2300 decedat
277 2248 362 2313 atque
374 2243 524 2298 exercitum
537 2242 658 2297 deducat
669 2259 704 2296 ex
715 2242 759 2296 his
768 2243 934 2313 regionibus,

85 2338 145 2376 sese
165 2322 243 2375 illum
262 2336 315 2374 non
335 2336 386 2389 pre
409 2318 498 2372 amieo
521 2317 571 2372 sed
594 2334 644 2387 pro
667 2317 746 2372 hoste
768 2317 934 2372 habiturum.

86 2397 166 2462 Quod
179 2398 201 2452 si
214 2413 277 2452 eum
293 2394 471 2462 interfecerit,
488 2394 582 2448 multis
601 2410 662 2449 sese
681 2392 817 2447 nobilibus
835 2394 935 2462 princi-

84 2473 220 2544 pibusque
231 2472 325 2542 populi
338 2470 454 2525 Romani
465 2472 576 2538 gratum
588 2486 649 2524 esse
657 2470 808 2523 facturum:
818 2469 848 2523 id
857 2486 887 2524 se
899 2470 935 2523 ab

85 2549 154 2619 ipsis
175 2565 228 2618 per
250 2563 344 2602 eorum
366 2547 477 2601 nunties
499 2549 669 2613 compertum
689 2543 798 2613 habere,
819 2561 935 2614 qnorum
959 2599 963 2606 ,

86 2624 207 2679 omnium
222 2622 340 2692 gratiam
357 2626 441 2691 atque
456 2621 604 2675 amicitiam
620 2620 680 2689 ejus
696 2624 785 2674 morte
800 2620 936 2674 redimere

85 2702 185 2768 posset
223 2697 302 2765 Quod
326 2697 348 2750 si
368 2696 531 2752 decessisset
550 2700 580 2751 et
602 2696 717 2751 liberam
737 2694 936 2765 possessionem

87 2775 192 2829 Galliae
203 2774 256 2828 sibi
267 2772 436 2839 tradidisset,
448 2788 548 2840 magno
556 2789 586 2827 se
595 2772 672 2826 illum
680 2771 802 2840 praemio
811 2786 937 2824 remune-

86 2852 219 2919 raturum,
230 2851 260 2903 et
272 2863 459 2918 quaecumque
469 2846 542 2901 bella
553 2848 612 2916 geri
629 2846 712 2902 vellet
727 2846 787 2900 sine
802 2845 859 2899 ullo
875 2844 937 2914 ejus

87 2923 182 2978 labore
194 2927 224 2979 et
234 2923 357 2993 periurio
368 2923 562 2978 confecturum.

140 3004 180 3052 45.
216 2999 307 3053 Multa
317 2998 353 3053 ab
366 2999 483 3053 Caesare
494 2999 523 3052 in
535 3016 596 3053 eam
608 2998 772 3056 sententiam
786 2997 861 3052 dicta
873 3001 938 3055 sunt

88 3089 174 3143 quare
184 3074 294 3142 negotio
306 3073 440 3129 desistere
452 3091 506 3128 non
522 3077 623 3144 posset,
637 3074 674 3129 Et
688 3090 777 3144 neque
797 3090 873 3128 suam
891 3089 938 3128 ne
