2175 3409
445 120 557 168 LIBER
573 119 656 167 VIII,
934 124 982 170 169

125 205 194 269 tete,
214 200 353 253 Bellovaci
378 199 487 254 delecta
512 216 595 253 manu
610 199 737 268 peditum
756 200 874 267 cognitis
888 201 983 255 statie-

125 278 208 331 nibus
222 275 390 345 quotidianis
412 277 535 345 equitum
557 280 714 330 nostrorum
729 275 901 330 silvestribus
917 277 984 331 locis

13 355 15 364 '
125 354 240 408 insidias
249 353 404 422 disponunt,
413 352 566 422 eodemque
576 354 684 422 equites
693 358 805 422 postero
812 354 858 408 die
867 354 984 408 mittunt

126 429 983 500 qniprimumelicerentnostrosinsidiis,deindecircumventos

125 506 351 575 aggrederentur.
387 506 474 574 Cujus
492 505 558 559 mali
572 523 637 560 sors
651 505 749 561 incidit
760 507 870 574 Remis,
883 507 984 577 quibus

125 583 172 636 ille
184 582 243 636 dies
255 582 388 649 fungendi
400 583 520 635 muneris
534 582 691 637 obvenerat.
728 584 855 653 Namque
866 583 886 636 ii
898 600 983 652 quum

126 662 242 727 repente
263 658 384 711 hostium
408 658 516 726 equites
537 657 798 713 animadvertissent
817 676 850 714 ac
870 660 983 713 numero

127 734 283 803 superiores
296 734 464 803 paucitatem
478 736 713 802 contempsissent,
728 735 853 804 cupidius
867 736 981 790 insecut‘

127 809 295 879 apeditibus
309 810 432 879 nudique
446 812 511 863 sunt
525 810 701 877 circumdati3
716 828 771 881 quo
787 812 860 866 facto
873 815 983 882 pertur-

126 885 186 940 bati
202 886 317 941 celerius
333 902 416 955 quam
432 886 602 940 consuetudo
614 887 671 941 fert
685 888 823 957 equestris
839 887 937 957 proelii
952 904 983 941 se

127 965 299 1031 receperunt,
313 964 412 1015 amisso
422 961 559 1029 Vertisco,
571 961 695 1032 principe
706 963 832 1029 civitatis,
844 964 983 1033 praefecto

128 1038 261 1107 equitum,
271 1038 318 1107 qui
330 1054 416 1105 quum
428 1038 474 1091 rix
486 1054 558 1107 equo
570 1043 685 1107 propter
696 1042 817 1093 aetatem
829 1041 922 1109 posset
933 1038 983 1103 uti,

127 1117 221 1168 tamen
233 1113 430 1168 consuetudine
442 1114 583 1168 Gallorum
595 1131 685 1183 neque
696 1116 796 1169 aetatis
808 1116 983 1170 excusatione

128 1190 157 1243 in
170 1189 343 1257 suscipienda
354 1190 527 1257 praefectura
538 1206 605 1243 usus
617 1194 685 1259 erat,
693 1207 783 1259 neque
793 1190 916 1244 dimicari
926 1191 984 1243 sine

128 1281 160 1320 se
175 1266 307 1319 voluerat
343 1264 478 1319 Inflantur
492 1269 578 1334 atque
595 1266 746 1320 incitantur
763 1266 882 1321 hostium
899 1266 983 1319 animi

14 1377 15 1388 ,
129 1340 249 1396 secunde
264 1340 376 1411 proelio,
391 1340 515 1411 principe
533 1344 563 1395 et
578 1342 718 1411 praefecto
735 1342 884 1396 Remorum
899 1343 984 1396 inter·

68 1465 71 1471 ,
128 1416 985 1487 fecte,nostriquedetrimentoadmonenturdiligentiusexplo-

128 1493 197 1548 ratis
213 1492 278 1547 locis
297 1493 429 1548 stationes
446 1493 594 1562 disponere
610 1510 642 1548 ae
657 1493 825 1548 moderatius
840 1493 984 1548 cedentem

102 1589 105 1592 ¹
128 1570 237 1637 insequi
248 1570 364 1624 hostem.

183 1651 222 1700 13.
258 1645 320 1699 Non
335 1645 560 1699 intermittuntur
575 1645 687 1699 interim
704 1646 865 1715 quotidiana
876 1645 985 1716 'proelia

129 1720 159 1775 in
167 1721 313 1791 conspeetu
321 1724 503 1790 utrorumque
513 1724 675 1789 castrorum,
686 1739 757 1791 quae
768 1723 805 1777 ad
813 1724 985 1778 vadatrans-

13 1837 14 1846 ,
71 1795 82 1806 ”
129 1797 240 1865 itusque
249 1796 354 1851 fiebant
362 1796 478 1864 paludis.
514 1797 575 1861 Qua
584 1798 759 1853 contentione
769 1799 906 1866 Germani,
916 1814 985 1868 quos

129 1876 276 1943 propterea
288 1873 391 1928 Caesar
402 1873 599 1927 transduxerat
612 1873 738 1928 Rhenum
750 1877 783 1928 nt
794 1873 934 1943 equitibus
945 1874 986 1925 in-

13 1997 17 2016 ,
130 1949 256 2017 terpositi
266 1948 476 2018 proeliarentur,
488 1966 574 2017 quum
588 1950 758 2004 constantius
772 1949 892 2003 universi
909 1948 987 2017 palu·

130 2024 194 2079 dem
207 2025 378 2089 transissent
388 2026 539 2094 paucisque
555 2026 749 2079 resistentibus
760 2024 912 2079 interiectis
926 2039 988 2091 per·

131 2101 246 2155 tinaeins
255 2101 389 2169 reliquam
397 2100 602 2156 multitudinem
611 2105 704 2156 essent
713 2100 836 2168 insecuti,
845 2099 987 2168 perterriti

130 2193 186 2231 non
195 2177 281 2248 solum
295 2177 315 2230 ii
332 2177 380 2247 qui
393 2180 443 2231 aut
458 2178 610 2231 comminus
624 2176 849 2246 opprimebantur
859 2178 909 2229 aut
920 2174 987 2227 emi-

131 2270 183 2308 nus
194 2253 415 2322 vulnerabantur,
428 2254 477 2309 sed
489 2255 574 2309 etiam
586 2255 634 2324 qui
645 2254 753 2323 longius
766 2251 912 2307 subsidiari
924 2266 987 2305 con·

131 2333 278 2385 sueverant
301 2329 422 2398 turpiter
445 2330 616 2399 refugerunt,
633 2346 684 2384 nec
700 2329 778 2398 prius
795 2329 880 2382 finem
902 2327 987 2395 fugae

131 2408 258 2461 fecerunt
275 2422 358 2476 saepe
374 2406 481 2461 amissis
496 2405 683 2474 superioribus
700 2405 767 2459 loeis
788 2421 870 2473 quarn
889 2420 919 2458 se
938 2406 988 2457 aut

132 2483 161 2536 in
175 2485 266 2537 castra
281 2498 393 2537 suorum
407 2482 571 2550 reciperent,
583 2484 631 2535 aut
643 2480 764 2535 nonnulli
779 2480 885 2549 pudore
893 2479 987 2535 coacti

132 2554 238 2627 longius
249 2558 434 2628 profugerent
472 2559 593 2623 Quorum
604 2558 727 2627 periculo
739 2558 777 2611 sic
786 2573 881 2611 omnes
892 2558 988 2626 copiae

114 2702 116 2706 s
133 2641 198 2689 sunt
211 2634 390 2705 perturbatae
404 2637 436 2688 ut
447 2634 493 2687 vix
504 2633 625 2702 judicari
639 2637 741 2701 posset,
753 2636 846 2687 utrum
861 2632 989 2687 secundis

132 2712 251 2781 parvulis
260 2711 344 2766 rebus
352 2710 543 2764 insolentiores
552 2726 588 2763 an
597 2709 719 2764 adversis
727 2708 909 2764 mediocribus
919 2708 990 2763 timi-

133 2787 225 2842 diores
236 2790 339 2842 essent.

187 2869 226 2918 14.
254 2861 447 2932 Compluribus
459 2860 557 2915 diebus
569 2859 667 2916 iisdem
674 2860 703 2913 in
710 2859 807 2914 cast1is
815 2859 989 2926 consumptis,

133 2956 217 3009 quum
229 2939 341 3008 propius
355 2938 503 2992 accessisse
516 2937 639 3005 legiones
652 2939 682 2991 et
694 2935 724 2991 O.
738 2936 903 3000 Trebonium
917 2935 990 3001 lega-

132 3019 193 3070 tum
213 3015 412 3082 cognovissent,
432 3012 517 3066 duces
538 3011 745 3066 Bellovacorum
767 3011 850 3065 veriti
872 3008 989 3062 similem

133 3090 317 3145 obsessionem
328 3089 439 3144 Alesiae
451 3091 535 3142 noctu
547 3088 691 3141 dimittunt
700 3103 746 3140 eos
760 3102 828 3155 quos
839 3086 888 3138 aut
897 3086 990 3137 aetate

133 3170 183 3223 aut
189 3165 293 3222 viribus
305 3165 450 3219 inferiores
461 3167 511 3218 aut
519 3164 639 3218 inermes
651 3161 798 3229 habebant,
807 3175 917 3228 unaque
928 3157 990 3212 reli-
