2175 3409
427 448 546 504 LIBER
569 448 719 504 SEXTUS.

494 629 619 677 ‘-e-

149 812 262 869 Mmrrs
279 814 316 869 do
334 807 423 868 causis
442 812 544 869 (laesor
564 813 697 882 majorem
712 810 817 868 Galliae
832 815 938 868 motum
957 827 1004 867 ex·

149 892 274 955 spectans
299 906 349 957 per
367 889 407 943 M.
425 888 557 957 Silanum,
579 889 608 944 0.
629 889 781 942 Antistium
803 888 947 955 Reginum,
971 886 1001 939 Τ.

150 962 275 1018 Sextium
296 965 401 1033 legatos
421 964 559 1020 delectum
578 963 681 1018 habere
704 962 840 1018 instituit:
865 962 946 1016 simul
969 959 1005 1015 ab

150 1038 198 1092 On.
216 1039 346 1109 Pompeio
362 1040 523 1108 proconsule
539 1039 620 1108 petit,
634 1038 761 1109 quoniam
778 1039 837 1107 ipse
852 1036 889 1092 ad
905 1037 1004 1091 urbem

147 1128 212 1168 eum
235 1115 350 1184 imperio
373 1117 416 1169 rei
440 1116 566 1185 publicae
590 1131 671 1169 causa
692 1117 855 1181 remaneret,
877 1129 946 1181 quos
968 1129 1004 1168 ex

149 1189 288 1260 Cisalpina
301 1190 391 1245 Gallia
399 1192 515 1246 consulis
525 1195 696 1246 sacramento
705 1189 866 1258 rogavisset,
878 1188 1005 1258 adsigna

148 1266 293 1321 convenire
312 1271 341 1321 et
362 1267 398 1322 ad
419 1285 448 1321 se
466 1268 602 1338 proficisci
615 1267 746 1335 juberet3
759 1265 852 1334 magni
871 1265 1004 1319 interesse

149 1340 232 1395 etiam
248 1343 277 1396 in
294 1342 428 1412 reliquum
442 1347 554 1414 tempus
572 1343 609 1397 ad
626 1343 780 1411 opinionem
807 1341 912 1396 Galliae
933 1341 1003 1395 exis

148 1417 248 1471 timaus
261 1422 353 1473 tantas
364 1419 453 1474 rideri
471 1420 570 1475 Italiae
588 1418 733 1474 facultates
752 1422 791 1486 ut,
806 1418 829 1471 si
845 1418 914 1488 quid
930 1420 1003 1472 esset

147 1492 176 1546 in
184 1494 256 1548 bello
265 1495 426 1550 detrimenti
434 1498 586 1564 acceptum,
596 1512 650 1550 non
659 1494 740 1548 modo
749 1494 779 1548 id
791 1493 867 1548 brevi
879 1498 1003 1562 temporo

149 1570 281 1639 resarciri,
306 1571 356 1625 sed
381 1572 465 1626 etiam
490 1572 643 1642 majoribus
666 1571 763 1640 augeri
791 1571 876 1640 copiis
900 1573 1001 1639 posset

150 1646 229 1710 Quod
241 1663 326 1715 quum
339 1647 485 1716 Pompeius
497 1650 527 1702 et
538 1648 580 1702 rei
591 1647 715 1716 publicae
728 1649 757 1700 et
769 1646 905 1701 amicitiae
915 1646 1002 1701 tribu·

148 1721 222 1788 isset,
243 1722 372 1777 celeriter
390 1724 514 1777 confecto
533 1740 586 1793 por
606 1740 669 1777 suos
688 1722 805 1790 delectu,
826 1721 916 1776 tribus
936 1725 1001 1776 ante

149 1802 274 1853 exactam
291 1798 409 1854 hiemem
428 1801 457 1852 et
474 1799 631 1853 constitutis
649 1803 678 1853 et
695 1798 822 1854 adductis
841 1796 1001 1866 legionibus,

146 1874 339 1944 duplicatoque
364 1891 458 1929 earum
478 1875 631 1930 cohortium
652 1890 774 1942 numero,
792 1889 861 1943 quas
884 1889 947 1927 oum
968 1874 999 1939 Q.

149 1950 254 2004 Titurio
278 1952 416 2018 amiserat,
439 1955 469 2005 et
491 1952 634 2005 celeritate
658 1954 687 2005 et
711 1950 795 2020 copiis
817 1948 911 2004 docuit
933 1948 1001 2018 quid

148 2026 241 2094 populi
254 2026 370 2080 Romani
382 2026 524 2096 disciplina
535 2029 621 2095 atque
632 2041 698 2094 opes
711 2028 829 2094 possent.
886 2068 888 2071 .

201 2107 224 2156 2.
260 2102 413 2156 Interfecto
437 2102 637 2169 Iuduciomaro‚
653 2104 686 2156 ut
709 2101 855 2166 domimus,
879 2100 917 2153 ad
939 2098 1000 2168 ejus

148 2178 315 2248 propinquos
326 2194 343 2231 a
354 2177 475 2231 Treviris
486 2177 633 2247 imperium
645 2178 776 2231 defertu.
812 2176 858 2229 Illi
870 2175 1000 2230 finitimos

149 2254 300 2307 Germanos
311 2252 458 2308 sollicitare
467 2257 497 2309 et
505 2254 647 2324 pecuniam
656 2252 778 2321 polliceri
785 2267 839 2306 non
848 2250 999 2305 desistunt:

149 2344 234 2397 quum
258 2328 293 2382 ab
310 2329 443 2398 proximis
462 2329 611 2398 impetrare
634 2345 689 2382 uon
711 2330 832 2397 possent,
855 2326 999 2381 ulteriores

149 2406 268 2459 tentant.
311 2399 434 2460 Inventis
466 2404 602 2459 nonnullis
631 2402 791 2458 civitatibus
816 2401 999 2470 jurejurando

147 2479 221 2533 inter
239 2496 270 2534 se
290 2481 457 2547 confirmant,
480 2480 676 2550 obsidibusque
695 2479 731 2534 de
750 2478 865 2548 pecunia
888 2481 998 2533 cevent:

151 2553 338 2624 Ambiorigem
350 2555 401 2609 sibi
413 2556 543 2611 societate
553 2558 582 2609 ct
593 2556 705 2609 loedere
713 2554 874 2624 adjungunt.
894 2553 999 2618 Quibus

148 2630 231 2684 rebus
253 2631 369 2698 cognitis
393 2632 501 2700 Caesar,
525 2648 609 2701 quum
634 2631 755 2700 undique
780 2629 882 2684 bellum
907 2629 999 2699 parari

147 2705 264 2774 videret,
276 2706 303 2759 N
304 2706 400 2774 errius,
414 2706 575 2763 Aduatucos
587 2723 619 2762 ac
632 2705 781 2774 Menapios,
794 2704 931 2773 adjunctis
942 2705 999 2760 Cis-

148 2780 276 2835 rhenanis
289 2781 414 2837 omnibus
426 2782 577 2849 Germanis,
594 2797 654 2837 esse
672 2782 702 2834 in
720 2781 810 2848 armis,
830 2782 950 2836 Senones
961 2780 998 2834 ad

148 2856 314 2926 imperatum
330 2873 384 2912 uon
400 2858 493 2913 venire
511 2861 541 2912 et
558 2874 620 2911 oum
639 2855 803 2912 Carnutibus
820 2856 997 2925 finitimisque

148 2931 306 2987 civitatibus
324 2932 436 2987 consilia
453 2933 659 2999 communicare,
676 2949 694 2985 a
711 2931 830 2987 Treviris
847 2932 998 2986 Germanos

148 3008 253 3063 crebris
275 3008 457 3077 legationibus
481 3008 628 3076 sollicitari,
645 3008 779 3062 maturius
796 3006 848 3062 sibi
866 3007 902 3061 de
924 3005 997 3060 bello

148 3083 323 3152 cogitandum
334 3083 450 3154 putarit.

200 3164 224 3273 ξ.
261 3159 362 3230 Itaque
373 3159 493 3216 nondum
502 3160 592 3215 hiemo
604 3160 726 3214 conlecta
737 3157 867 3227 proximis
878 3157 997 3224 quatuor
