<?xml version="1.0" encoding="UTF-8"?>
<!DOCTYPE html PUBLIC "-//W3C//DTD XHTML 1.0 Transitional//EN"
    "http://www.w3.org/TR/xhtml1/DTD/xhtml1-transitional.dtd">
<html xmlns="http://www.w3.org/1999/xhtml" xml:lang="en" lang="en">
 <head>
  <title>
</title>
<meta http-equiv="Content-Type" content="text/html;charset=utf-8" />
  <meta name='ocr-system' content='tesseract 3.04.00' />
  <meta name='ocr-capabilities' content='ocr_page ocr_carea ocr_par ocr_line ocrx_word'/>
</head>
<body>
  <div class='ocr_page' id='page_1' title='image "./cjuliicaesarisc00longgoog_0162.png"; bbox 0 0 2175 3409; ppageno 0'>
   <div class='ocr_carea' id='block_1_1' title="bbox 87 106 693 160">
    <p class='ocr_par' dir='ltr' id='par_1_1' title="bbox 87 106 693 160">
     <span class='ocr_line' id='line_1_1' title="bbox 87 106 693 160; baseline -0.007 0"><span class='ocrx_word' id='word_1_1' title='bbox 87 112 134 160; x_wconf 76' lang='lat'><strong>152</strong></span> <span class='ocrx_word' id='word_1_2' title='bbox 347 108 376 157; x_wconf 81' lang='grc'><strong>0.</strong></span> <span class='ocrx_word' id='word_1_3' title='bbox 394 109 414 158; x_wconf 83' lang='lat' dir='ltr'><strong>J</strong></span> <span class='ocrx_word' id='word_1_4' title='bbox 416 108 499 158; x_wconf 86' lang='lat' dir='ltr'>ULII</span> <span class='ocrx_word' id='word_1_5' title='bbox 514 106 693 157; x_wconf 76' lang='lat' dir='ltr'>OAESARIS</span> 
     </span>
    </p>
   </div>
   <div class='ocr_carea' id='block_1_2' title="bbox 82 195 946 1409">
    <p class='ocr_par' dir='ltr' id='par_1_2' title="bbox 82 195 946 1330">
     <span class='ocr_line' id='line_1_2' title="bbox 86 195 945 266; baseline 0 -15"><span class='ocrx_word' id='word_1_6' title='bbox 86 197 116 252; x_wconf 81' lang='lat' dir='ltr'><strong>si</strong></span> <span class='ocrx_word' id='word_1_7' title='bbox 127 212 181 266; x_wconf 89' lang='lat' dir='ltr'><strong>qua</strong></span> <span class='ocrx_word' id='word_1_8' title='bbox 192 195 221 251; x_wconf 90' lang='lat' dir='ltr'><strong>in</strong></span> <span class='ocrx_word' id='word_1_9' title='bbox 235 198 315 266; x_wconf 88' lang='lat' dir='ltr'><strong>parte</strong></span> <span class='ocrx_word' id='word_1_10' title='bbox 329 196 418 251; x_wconf 87' lang='lat' dir='ltr'><strong>nostri</strong></span> <span class='ocrx_word' id='word_1_11' title='bbox 431 195 559 252; x_wconf 86' lang='lat' dir='ltr'><strong>laborare</strong></span> <span class='ocrx_word' id='word_1_12' title='bbox 573 199 624 251; x_wconf 84' lang='lat' dir='ltr'><strong>aut</strong></span> <span class='ocrx_word' id='word_1_13' title='bbox 639 195 750 266; x_wconf 68' lang='lat' dir='ltr'><strong>grau-im</strong></span> <span class='ocrx_word' id='word_1_14' title='bbox 763 195 852 265; x_wconf 88' lang='lat' dir='ltr'><strong>premi</strong></span> <span class='ocrx_word' id='word_1_15' title='bbox 867 195 945 251; x_wconf 85' lang='lat' dir='ltr'><strong>vide-</strong></span> 
     </span>
     <span class='ocr_line' id='line_1_3' title="bbox 85 273 945 342; baseline -0.001 -15"><span class='ocrx_word' id='word_1_16' title='bbox 85 273 193 339; x_wconf 89' lang='lat' dir='ltr'><strong>bantur,</strong></span> <span class='ocrx_word' id='word_1_17' title='bbox 220 289 254 328; x_wconf 90' lang='lat' dir='ltr'><strong>eo</strong></span> <span class='ocrx_word' id='word_1_18' title='bbox 282 273 360 341; x_wconf 86' lang='lat' dir='ltr'><strong>signa</strong></span> <span class='ocrx_word' id='word_1_19' title='bbox 375 273 487 327; x_wconf 63' lang='lat' dir='ltr'><strong>‘inferri</strong></span> <span class='ocrx_word' id='word_1_20' title='bbox 518 273 621 328; x_wconf 82' lang='lat' dir='ltr'><strong>Caesar</strong></span> <span class='ocrx_word' id='word_1_21' title='bbox 651 273 793 342; x_wconf 79' lang='lat' dir='ltr'><strong>aciemque</strong></span> <span class='ocrx_word' id='word_1_22' title='bbox 820 273 945 326; x_wconf 77' lang='lat' dir='ltr'><strong>converti</strong></span> 
     </span>
     <span class='ocr_line' id='line_1_4' title="bbox 82 345 945 421; baseline 0.002 -20"><span class='ocrx_word' id='word_1_23' title='bbox 82 347 215 421; x_wconf 81' lang='lat' dir='ltr'><strong>jubebat3</strong></span> <span class='ocrx_word' id='word_1_24' title='bbox 226 365 297 418; x_wconf 87' lang='lat' dir='ltr'><strong>quae</strong></span> <span class='ocrx_word' id='word_1_25' title='bbox 308 364 353 403; x_wconf 89' lang='lat' dir='ltr'><strong>res</strong></span> <span class='ocrx_word' id='word_1_26' title='bbox 364 351 395 404; x_wconf 88' lang='lat' dir='ltr'><strong>et</strong></span> <span class='ocrx_word' id='word_1_27' title='bbox 405 349 500 403; x_wconf 88' lang='lat' dir='ltr'><strong>hostes</strong></span> <span class='ocrx_word' id='word_1_28' title='bbox 512 349 549 403; x_wconf 92' lang='lat' dir='ltr'><strong>ad</strong></span> <span class='ocrx_word' id='word_1_29' title='bbox 561 345 761 417; x_wconf 83' lang='lat' dir='ltr'><strong>insequendum</strong></span> <span class='ocrx_word' id='word_1_30' title='bbox 773 346 902 402; x_wconf 78' lang='lat' dir='ltr'>tardabat</span> <span class='ocrx_word' id='word_1_31' title='bbox 913 352 945 403; x_wconf 89' lang='lat' dir='ltr'><strong>et</strong></span> 
     </span>
     <span class='ocr_line' id='line_1_5' title="bbox 85 424 944 493; baseline 0.002 -16"><span class='ocrx_word' id='word_1_32' title='bbox 85 428 194 479; x_wconf 87' lang='lat' dir='ltr'><strong>nostros</strong></span> <span class='ocrx_word' id='word_1_33' title='bbox 214 441 263 493; x_wconf 88' lang='lat' dir='ltr'><strong>spe</strong></span> <span class='ocrx_word' id='word_1_34' title='bbox 283 424 377 479; x_wconf 82' lang='lat' dir='ltr'><strong>auxilii</strong></span> <span class='ocrx_word' id='word_1_35' title='bbox 395 425 583 480; x_wconf 78' lang='lat' dir='ltr'><strong>continuabat</strong></span> <span class='ocrx_word' id='word_1_36' title='bbox 620 425 742 478; x_wconf 78' lang='lat' dir='ltr'>Tandem</span> <span class='ocrx_word' id='word_1_37' title='bbox 761 426 890 480; x_wconf 79' lang='lat' dir='ltr'><strong>Germani</strong></span> <span class='ocrx_word' id='word_1_38' title='bbox 907 425 944 479; x_wconf 90' lang='lat' dir='ltr'><strong>ab</strong></span> 
     </span>
     <span class='ocr_line' id='line_1_6' title="bbox 87 499 945 570; baseline 0.002 -17"><span class='ocrx_word' id='word_1_39' title='bbox 87 500 185 554; x_wconf 80' lang='lat' dir='ltr'><strong>dextro</strong></span> <span class='ocrx_word' id='word_1_40' title='bbox 202 500 290 556; x_wconf 86' lang='lat' dir='ltr'><strong>latere</strong></span> <span class='ocrx_word' id='word_1_41' title='bbox 306 517 442 555; x_wconf 89' lang='lat' dir='ltr'><strong>summum</strong></span> <span class='ocrx_word' id='word_1_42' title='bbox 456 499 556 568; x_wconf 89' lang='lat' dir='ltr'><strong>jugum</strong></span> <span class='ocrx_word' id='word_1_43' title='bbox 573 501 648 555; x_wconf 89' lang='lat' dir='ltr'><strong>nacti</strong></span> <span class='ocrx_word' id='word_1_44' title='bbox 664 502 758 555; x_wconf 87' lang='lat' dir='ltr'><strong>hostes</strong></span> <span class='ocrx_word' id='word_1_45' title='bbox 774 502 833 555; x_wconf 91' lang='lat' dir='ltr'><strong>loco</strong></span> <span class='ocrx_word' id='word_1_46' title='bbox 850 501 945 570; x_wconf 89' lang='lat' dir='ltr'><strong>depel-</strong></span> 
     </span>
     <span class='ocr_line' id='line_1_7' title="bbox 86 574 944 645; baseline 0.002 -17"><span class='ocrx_word' id='word_1_47' title='bbox 86 574 162 641; x_wconf 84' lang='lat' dir='ltr'><strong>lunt3</strong></span> <span class='ocrx_word' id='word_1_48' title='bbox 179 576 317 642; x_wconf 84' lang='lat' dir='ltr'><strong>fugientes</strong></span> <span class='ocrx_word' id='word_1_49' title='bbox 329 593 417 645; x_wconf 88' lang='lat' dir='ltr'><strong>usque</strong></span> <span class='ocrx_word' id='word_1_50' title='bbox 429 576 465 630; x_wconf 93' lang='lat' dir='ltr'><strong>ad</strong></span> <span class='ocrx_word' id='word_1_51' title='bbox 478 576 588 643; x_wconf 88' lang='lat' dir='ltr'><strong>flumen,</strong></span> <span class='ocrx_word' id='word_1_52' title='bbox 600 575 647 630; x_wconf 93' lang='lat' dir='ltr'><strong>ubi</strong></span> <span class='ocrx_word' id='word_1_53' title='bbox 660 577 870 644; x_wconf 78' lang='lat' dir='ltr'><strong>Vercingetorix</strong></span> <span class='ocrx_word' id='word_1_54' title='bbox 881 594 944 631; x_wconf 88' lang='lat' dir='ltr'><strong>curn</strong></span> 
     </span>
     <span class='ocr_line' id='line_1_8' title="bbox 86 649 945 721; baseline 0.003 -18"><span class='ocrx_word' id='word_1_55' title='bbox 86 649 263 719; x_wconf 79' lang='lat' dir='ltr'><strong>pedestribus</strong></span> <span class='ocrx_word' id='word_1_56' title='bbox 275 652 359 720; x_wconf 86' lang='lat' dir='ltr'><strong>copiis</strong></span> <span class='ocrx_word' id='word_1_57' title='bbox 373 652 544 717; x_wconf 86' lang='lat' dir='ltr'><strong>consederat,</strong></span> <span class='ocrx_word' id='word_1_58' title='bbox 557 656 762 721; x_wconf 89' lang='lat' dir='ltr'><strong>persequuntur</strong></span> <span class='ocrx_word' id='word_1_59' title='bbox 777 654 945 721; x_wconf 88' lang='lat' dir='ltr'><strong>complures-</strong></span> 
     </span>
     <span class='ocr_line' id='line_1_9' title="bbox 86 727 945 797; baseline 0.001 -16"><span class='ocrx_word' id='word_1_60' title='bbox 86 743 141 797; x_wconf 90' lang='lat' dir='ltr'><strong>que</strong></span> <span class='ocrx_word' id='word_1_61' title='bbox 153 727 328 781; x_wconf 86' lang='lat' dir='ltr'><strong>interficiunt.</strong></span> <span class='ocrx_word' id='word_1_62' title='bbox 367 729 427 793; x_wconf 83' lang='lat' dir='ltr'><strong>Qua</strong></span> <span class='ocrx_word' id='word_1_63' title='bbox 436 745 469 785; x_wconf 62' lang='lat' dir='ltr'><strong>,re</strong></span> <span class='ocrx_word' id='word_1_64' title='bbox 478 728 670 783; x_wconf 88' lang='lat' dir='ltr'><strong>animadversa</strong></span> <span class='ocrx_word' id='word_1_65' title='bbox 678 729 778 797; x_wconf 85' lang='lat' dir='ltr'><strong>reliqui</strong></span> <span class='ocrx_word' id='word_1_66' title='bbox 786 746 822 783; x_wconf 91' lang='lat' dir='ltr'><strong>ne</strong></span> <span class='ocrx_word' id='word_1_67' title='bbox 830 730 945 782; x_wconf 88' lang='lat' dir='ltr'><strong>circum-</strong></span> 
     </span>
     <span class='ocr_line' id='line_1_10' title="bbox 86 803 946 873; baseline 0.003 -17"><span class='ocrx_word' id='word_1_68' title='bbox 86 804 245 858; x_wconf 83' lang='lat' dir='ltr'><strong>venirentur</strong></span> <span class='ocrx_word' id='word_1_69' title='bbox 260 803 342 858; x_wconf 88' lang='lat' dir='ltr'><strong>veriti</strong></span> <span class='ocrx_word' id='word_1_70' title='bbox 359 820 389 858; x_wconf 92' lang='lat' dir='ltr'><strong>se</strong></span> <span class='ocrx_word' id='word_1_71' title='bbox 404 804 485 873; x_wconf 84' lang='lat' dir='ltr'><strong>fugae</strong></span> <span class='ocrx_word' id='word_1_72' title='bbox 500 803 642 858; x_wconf 88' lang='lat' dir='ltr'><strong>mandant.</strong></span> <span class='ocrx_word' id='word_1_73' title='bbox 679 804 814 859; x_wconf 86' lang='lat' dir='ltr'><strong>Omnibus</strong></span> <span class='ocrx_word' id='word_1_74' title='bbox 829 805 895 859; x_wconf 86' lang='lat' dir='ltr'><strong>locis</strong></span> <span class='ocrx_word' id='word_1_75' title='bbox 911 806 946 859; x_wconf 90' lang='lat' dir='ltr'><strong>fit</strong></span> 
     </span>
     <span class='ocr_line' id='line_1_11' title="bbox 87 879 946 950; baseline 0.001 -16"><span class='ocrx_word' id='word_1_76' title='bbox 87 880 199 934; x_wconf 84' lang='lat' dir='ltr'><strong>caedes:</strong></span> <span class='ocrx_word' id='word_1_77' title='bbox 211 882 269 933; x_wconf 91' lang='lat' dir='ltr'><strong>tres</strong></span> <span class='ocrx_word' id='word_1_78' title='bbox 280 879 440 934; x_wconf 79' lang='lat' dir='ltr'><strong>nobilissimi</strong></span> <span class='ocrx_word' id='word_1_79' title='bbox 453 879 544 934; x_wconf 87' lang='lat' dir='ltr'><strong>Aedui</strong></span> <span class='ocrx_word' id='word_1_80' title='bbox 559 881 633 949; x_wconf 90' lang='lat' dir='ltr'><strong>capti</strong></span> <span class='ocrx_word' id='word_1_81' title='bbox 645 880 681 934; x_wconf 91' lang='lat' dir='ltr'><strong>ad</strong></span> <span class='ocrx_word' id='word_1_82' title='bbox 691 881 836 936; x_wconf 79' lang='lat' dir='ltr'><strong>Caesarem</strong></span> <span class='ocrx_word' id='word_1_83' title='bbox 845 881 946 950; x_wconf 89' lang='lat' dir='ltr'><strong>perdu-</strong></span> 
     </span>
     <span class='ocr_line' id='line_1_12' title="bbox 86 956 945 1026; baseline 0.002 -17"><span class='ocrx_word' id='word_1_84' title='bbox 86 959 200 1011; x_wconf 89' lang='lat' dir='ltr'><strong>cuntur:</strong></span> <span class='ocrx_word' id='word_1_85' title='bbox 219 956 313 1022; x_wconf 71' lang='lat' dir='ltr'><strong>(lotus,</strong></span> <span class='ocrx_word' id='word_1_86' title='bbox 331 956 487 1025; x_wconf 79' lang='lat' dir='ltr'><strong>praefectus</strong></span> <span class='ocrx_word' id='word_1_87' title='bbox 511 956 644 1025; x_wconf 87' lang='lat' dir='ltr'><strong>equiturn,</strong></span> <span class='ocrx_word' id='word_1_88' title='bbox 664 958 712 1026; x_wconf 94' lang='lat' dir='ltr'><strong>qui</strong></span> <span class='ocrx_word' id='word_1_89' title='bbox 731 958 945 1012; x_wconf 82' lang='lat' dir='ltr'><strong>controversiam</strong></span> 
     </span>
     <span class='ocr_line' id='line_1_13' title="bbox 87 1033 945 1102; baseline 0.003 -17"><span class='ocrx_word' id='word_1_90' title='bbox 87 1047 149 1086; x_wconf 87' lang='lat' dir='ltr'><strong>cum</strong></span> <span class='ocrx_word' id='word_1_91' title='bbox 162 1033 377 1087; x_wconf 81' lang='lat' dir='ltr'><strong>Convictolitane</strong></span> <span class='ocrx_word' id='word_1_92' title='bbox 388 1033 519 1102; x_wconf 85' lang='lat' dir='ltr'><strong>proximis</strong></span> <span class='ocrx_word' id='word_1_93' title='bbox 531 1033 797 1089; x_wconf 63' lang='lat' dir='ltr'><strong>cornitiis‘habuerat</strong></span> <span class='ocrx_word' id='word_1_94' title='bbox 804 1037 852 1101; x_wconf 72' lang='lat' dir='ltr'><strong>;‘et</strong></span> <span class='ocrx_word' id='word_1_95' title='bbox 860 1035 945 1089; x_wconf 80' lang='lat' dir='ltr'><strong>Gara-</strong></span> 
     </span>
     <span class='ocr_line' id='line_1_14' title="bbox 87 1108 945 1181; baseline 0.005 -19"><span class='ocrx_word' id='word_1_96' title='bbox 87 1108 172 1177; x_wconf 87' lang='lat' dir='ltr'><strong>rillus,</strong></span> <span class='ocrx_word' id='word_1_97' title='bbox 188 1110 235 1178; x_wconf 88' lang='lat' dir='ltr'><strong>qui</strong></span> <span class='ocrx_word' id='word_1_98' title='bbox 251 1113 314 1179; x_wconf 88' lang='lat' dir='ltr'><strong>post</strong></span> <span class='ocrx_word' id='word_1_99' title='bbox 330 1109 513 1164; x_wconf 84' lang='lat' dir='ltr'><strong>deiectionem</strong></span> <span class='ocrx_word' id='word_1_100' title='bbox 530 1110 648 1163; x_wconf 86' lang='lat' dir='ltr'><strong>Litavici</strong></span> <span class='ocrx_word' id='word_1_101' title='bbox 663 1110 841 1179; x_wconf 87' lang='lat' dir='ltr'><strong>pedestribus</strong></span> <span class='ocrx_word' id='word_1_102' title='bbox 858 1113 945 1181; x_wconf 87' lang='lat' dir='ltr'><strong>copiis</strong></span> 
     </span>
     <span class='ocr_line' id='line_1_15' title="bbox 88 1185 945 1255; baseline 0.004 -16"><span class='ocrx_word' id='word_1_103' title='bbox 88 1185 247 1253; x_wconf 88' lang='lat' dir='ltr'><strong>praefuerat</strong></span> <span class='ocrx_word' id='word_1_104' title='bbox 254 1208 261 1252; x_wconf 87' lang='lat'>;</span> <span class='ocrx_word' id='word_1_105' title='bbox 278 1189 308 1240; x_wconf 90' lang='lat' dir='ltr'><strong>et</strong></span> <span class='ocrx_word' id='word_1_106' title='bbox 332 1185 511 1254; x_wconf 80' lang='lat' dir='ltr'><strong>Eporedorix,</strong></span> <span class='ocrx_word' id='word_1_107' title='bbox 531 1202 586 1255; x_wconf 91' lang='lat' dir='ltr'><strong>quo</strong></span> <span class='ocrx_word' id='word_1_108' title='bbox 610 1186 682 1240; x_wconf 91' lang='lat' dir='ltr'><strong>duce</strong></span> <span class='ocrx_word' id='word_1_109' title='bbox 705 1190 771 1241; x_wconf 89' lang='lat' dir='ltr'><strong>ante</strong></span> <span class='ocrx_word' id='word_1_110' title='bbox 794 1187 945 1242; x_wconf 84' lang='lat' dir='ltr'><strong>adventum</strong></span> 
     </span>
     <span class='ocr_line' id='line_1_16' title="bbox 88 1261 841 1330; baseline 0.005 -16"><span class='ocrx_word' id='word_1_111' title='bbox 88 1261 213 1315; x_wconf 80' lang='lat' dir='ltr'><strong>Caesaris</strong></span> <span class='ocrx_word' id='word_1_112' title='bbox 227 1262 319 1316; x_wconf 88' lang='lat' dir='ltr'><strong>Aedui</strong></span> <span class='ocrx_word' id='word_1_113' title='bbox 330 1279 391 1316; x_wconf 92' lang='lat' dir='ltr'><strong>cum</strong></span> <span class='ocrx_word' id='word_1_114' title='bbox 404 1261 538 1330; x_wconf 80' lang='lat' dir='ltr'><strong>Sequanis</strong></span> <span class='ocrx_word' id='word_1_115' title='bbox 551 1261 623 1318; x_wconf 87' lang='lat' dir='ltr'><strong>bello</strong></span> <span class='ocrx_word' id='word_1_116' title='bbox 635 1263 841 1319; x_wconf 87' lang='lat' dir='ltr'><strong>contenderant.</strong></span> 
     </span>
    </p>

    <p class='ocr_par' dir='ltr' id='par_1_3' title="bbox 142 1338 943 1409">
     <span class='ocr_line' id='line_1_17' title="bbox 142 1338 943 1409; baseline 0.004 -17"><span class='ocrx_word' id='word_1_117' title='bbox 142 1343 182 1392; x_wconf 85' lang='lat'><strong>68.</strong></span> <span class='ocrx_word' id='word_1_118' title='bbox 212 1338 320 1406; x_wconf 81' lang='lat' dir='ltr'><strong>Fugato</strong></span> <span class='ocrx_word' id='word_1_119' title='bbox 331 1338 404 1391; x_wconf 79' lang='lat' dir='ltr'><strong>orrrui</strong></span> <span class='ocrx_word' id='word_1_120' title='bbox 416 1338 542 1406; x_wconf 88' lang='lat' dir='ltr'><strong>equitatu</strong></span> <span class='ocrx_word' id='word_1_121' title='bbox 552 1338 764 1406; x_wconf 81' lang='lat' dir='ltr'><strong>Vercingetorix</strong></span> <span class='ocrx_word' id='word_1_122' title='bbox 772 1341 864 1409; x_wconf 88' lang='lat' dir='ltr'><strong>copias</strong></span> <span class='ocrx_word' id='word_1_123' title='bbox 872 1358 943 1409; x_wconf 88' lang='lat' dir='ltr'><strong>suas,</strong></span> 
     </span>
    </p>
   </div>
   <div class='ocr_carea' id='block_1_3' title="bbox 88 1414 1064 1487">
    <p class='ocr_par' dir='ltr' id='par_1_4' title="bbox 88 1414 1064 1487">
     <span class='ocr_line' id='line_1_18' title="bbox 88 1414 1064 1487; baseline 0.006 -21"><span class='ocrx_word' id='word_1_124' title='bbox 88 1414 476 1481; x_wconf 71' lang='lat' dir='ltr'><strong>utprecastriscollocaverat,</strong></span> <span class='ocrx_word' id='word_1_125' title='bbox 484 1414 597 1486; x_wconf 71' lang='lat' dir='ltr'><strong>reduxit</strong></span> <span class='ocrx_word' id='word_1_126' title='bbox 604 1435 611 1480; x_wconf 89' lang='lat'>;</span> <span class='ocrx_word' id='word_1_127' title='bbox 627 1415 943 1487; x_wconf 87' lang='lat' dir='ltr'><strong>protinusqueAlesiam,</strong></span> <span class='ocrx_word' id='word_1_128' title='bbox 1056 1431 1064 1446; x_wconf 89' lang='lat'>·</span> 
     </span>
    </p>
   </div>
   <div class='ocr_carea' id='block_1_4' title="bbox 33 1489 945 2933">
    <p class='ocr_par' dir='ltr' id='par_1_5' title="bbox 33 1489 944 2233">
     <span class='ocr_line' id='line_1_19' title="bbox 89 1489 943 1562; baseline 0.007 -21"><span class='ocrx_word' id='word_1_129' title='bbox 89 1489 164 1557; x_wconf 90' lang='lat' dir='ltr'><strong>quod</strong></span> <span class='ocrx_word' id='word_1_130' title='bbox 188 1492 231 1543; x_wconf 87' lang='lat' dir='ltr'><strong>est</strong></span> <span class='ocrx_word' id='word_1_131' title='bbox 254 1490 386 1559; x_wconf 90' lang='lat' dir='ltr'><strong>oppidum</strong></span> <span class='ocrx_word' id='word_1_132' title='bbox 409 1490 630 1560; x_wconf 86' lang='lat' dir='ltr'><strong>Mandubiorum,</strong></span> <span class='ocrx_word' id='word_1_133' title='bbox 653 1492 709 1546; x_wconf 90' lang='lat' dir='ltr'><strong>iter</strong></span> <span class='ocrx_word' id='word_1_134' title='bbox 730 1493 822 1546; x_wconf 82' lang='lat' dir='ltr'><strong>iacere</strong></span> <span class='ocrx_word' id='word_1_135' title='bbox 845 1494 943 1562; x_wconf 91' lang='lat' dir='ltr'><strong>coepit,</strong></span> 
     </span>
     <span class='ocr_line' id='line_1_20' title="bbox 88 1562 941 1636; baseline 0.007 -18"><span class='ocrx_word' id='word_1_136' title='bbox 88 1562 269 1634; x_wconf 81' lang='lat' dir='ltr'><strong>celeriterque</strong></span> <span class='ocrx_word' id='word_1_137' title='bbox 285 1566 482 1636; x_wconf 90' lang='lat' dir='ltr'><strong>impedimenta</strong></span> <span class='ocrx_word' id='word_1_138' title='bbox 498 1586 534 1623; x_wconf 85' lang='lat' dir='ltr'><strong>cx</strong></span> <span class='ocrx_word' id='word_1_139' title='bbox 551 1570 649 1624; x_wconf 86' lang='lat' dir='ltr'><strong>castris</strong></span> <span class='ocrx_word' id='word_1_140' title='bbox 659 1567 738 1624; x_wconf 89' lang='lat' dir='ltr'><strong>educi</strong></span> <span class='ocrx_word' id='word_1_141' title='bbox 756 1573 786 1623; x_wconf 90' lang='lat' dir='ltr'><strong>et</strong></span> <span class='ocrx_word' id='word_1_142' title='bbox 803 1587 833 1624; x_wconf 91' lang='lat' dir='ltr'><strong>se</strong></span> <span class='ocrx_word' id='word_1_143' title='bbox 850 1569 941 1624; x_wconf 87' lang='lat' dir='ltr'><strong>subse</strong></span> 
     </span>
     <span class='ocr_line' id='line_1_21' title="bbox 89 1640 943 1715; baseline 0.008 -22"><span class='ocrx_word' id='word_1_144' title='bbox 89 1641 136 1709; x_wconf 90' lang='lat' dir='ltr'><strong>qui</strong></span> <span class='ocrx_word' id='word_1_145' title='bbox 153 1640 248 1708; x_wconf 83' lang='lat' dir='ltr'><strong>jussit</strong></span> <span class='ocrx_word' id='word_1_146' title='bbox 283 1643 386 1697; x_wconf 80' lang='lat' dir='ltr'><strong>Caesar</strong></span> <span class='ocrx_word' id='word_1_147' title='bbox 404 1644 610 1715; x_wconf 87' lang='lat' dir='ltr'><strong>impedimentis</strong></span> <span class='ocrx_word' id='word_1_148' title='bbox 626 1646 655 1699; x_wconf 91' lang='lat' dir='ltr'><strong>in</strong></span> <span class='ocrx_word' id='word_1_149' title='bbox 673 1646 827 1715; x_wconf 82' lang='lat' dir='ltr'><strong>proximum</strong></span> <span class='ocrx_word' id='word_1_150' title='bbox 846 1646 943 1701; x_wconf 90' lang='lat' dir='ltr'><strong>collem</strong></span> 
     </span>
     <span class='ocr_line' id='line_1_22' title="bbox 89 1715 944 1793; baseline 0.009 -24"><span class='ocrx_word' id='word_1_151' title='bbox 89 1715 223 1784; x_wconf 88' lang='lat' dir='ltr'><strong>deductis,</strong></span> <span class='ocrx_word' id='word_1_152' title='bbox 241 1717 403 1789; x_wconf 88' lang='lat' dir='ltr'><strong>duabusque</strong></span> <span class='ocrx_word' id='word_1_153' title='bbox 417 1720 571 1790; x_wconf 74' lang='lat' dir='ltr'><strong>legionibus</strong></span> <span class='ocrx_word' id='word_1_154' title='bbox 587 1723 724 1793; x_wconf 89' lang='lat' dir='ltr'><strong>praesidio</strong></span> <span class='ocrx_word' id='word_1_155' title='bbox 738 1723 851 1791; x_wconf 88' lang='lat' dir='ltr'><strong>relictis,</strong></span> <span class='ocrx_word' id='word_1_156' title='bbox 868 1740 944 1777; x_wconf 88' lang='lat' dir='ltr'><strong>secu·</strong></span> 
     </span>
     <span class='ocr_line' id='line_1_23' title="bbox 88 1795 944 1868; baseline 0.007 -21"><span class='ocrx_word' id='word_1_157' title='bbox 88 1797 137 1847; x_wconf 83' lang='lat' dir='ltr'><strong>tus</strong></span> <span class='ocrx_word' id='word_1_158' title='bbox 159 1798 292 1861; x_wconf 89' lang='lat' dir='ltr'><strong>quantum</strong></span> <span class='ocrx_word' id='word_1_159' title='bbox 315 1795 371 1851; x_wconf 89' lang='lat' dir='ltr'><strong>diei</strong></span> <span class='ocrx_word' id='word_1_160' title='bbox 393 1800 503 1867; x_wconf 89' lang='lat' dir='ltr'><strong>tempus</strong></span> <span class='ocrx_word' id='word_1_161' title='bbox 523 1802 567 1853; x_wconf 89' lang='lat' dir='ltr'><strong>est</strong></span> <span class='ocrx_word' id='word_1_162' title='bbox 583 1816 703 1868; x_wconf 87' lang='lat' dir='ltr'><strong>passum,</strong></span> <span class='ocrx_word' id='word_1_163' title='bbox 721 1799 831 1853; x_wconf 82' lang='lat' dir='ltr'><strong>circiter</strong></span> <span class='ocrx_word' id='word_1_164' title='bbox 853 1797 944 1854; x_wconf 90' lang='lat' dir='ltr'><strong>tribus</strong></span> 
     </span>
     <span class='ocr_line' id='line_1_24' title="bbox 33 1869 943 1943; baseline 0.009 -22"><span class='ocrx_word' id='word_1_165' title='bbox 33 1929 37 1933; x_wconf 47' lang='grc'><em>,</em></span> <span class='ocrx_word' id='word_1_166' title='bbox 89 1869 198 1924; x_wconf 90' lang='lat' dir='ltr'><strong>milibus</strong></span> <span class='ocrx_word' id='word_1_167' title='bbox 209 1870 329 1925; x_wconf 88' lang='lat' dir='ltr'><strong>hostium</strong></span> <span class='ocrx_word' id='word_1_168' title='bbox 342 1889 377 1927; x_wconf 82' lang='lat' dir='ltr'><strong>ex</strong></span> <span class='ocrx_word' id='word_1_169' title='bbox 391 1874 538 1928; x_wconf 88' lang='lat' dir='ltr'><strong>novissimo</strong></span> <span class='ocrx_word' id='word_1_170' title='bbox 555 1876 664 1943; x_wconf 82' lang='lat' dir='ltr'><strong>agmine</strong></span> <span class='ocrx_word' id='word_1_171' title='bbox 678 1875 839 1942; x_wconf 84' lang='lat' dir='ltr'><strong>interfectis,</strong></span> <span class='ocrx_word' id='word_1_172' title='bbox 855 1876 943 1929; x_wconf 88' lang='lat' dir='ltr'><strong>altero</strong></span> 
     </span>
     <span class='ocr_line' id='line_1_25' title="bbox 90 1944 943 2019; baseline 0.006 -20"><span class='ocrx_word' id='word_1_173' title='bbox 90 1944 136 2000; x_wconf 88' lang='lat' dir='ltr'><strong>die</strong></span> <span class='ocrx_word' id='word_1_174' title='bbox 146 1945 183 2000; x_wconf 93' lang='lat' dir='ltr'><strong>ad</strong></span> <span class='ocrx_word' id='word_1_175' title='bbox 196 1947 318 2002; x_wconf 78' lang='lat' dir='ltr'><strong>Alesiam</strong></span> <span class='ocrx_word' id='word_1_176' title='bbox 331 1953 421 2004; x_wconf 84' lang='lat' dir='ltr'><strong>castra</strong></span> <span class='ocrx_word' id='word_1_177' title='bbox 435 1950 508 2005; x_wconf 86' lang='lat' dir='ltr'><strong>fecit.</strong></span> <span class='ocrx_word' id='word_1_178' title='bbox 543 1949 692 2019; x_wconf 86' lang='lat' dir='ltr'><strong>Perspecto</strong></span> <span class='ocrx_word' id='word_1_179' title='bbox 707 1950 785 2004; x_wconf 90' lang='lat' dir='ltr'><strong>urbis</strong></span> <span class='ocrx_word' id='word_1_180' title='bbox 802 1951 865 2017; x_wconf 91' lang='lat' dir='ltr'><strong>situ,</strong></span> <span class='ocrx_word' id='word_1_181' title='bbox 881 1968 943 2019; x_wconf 88' lang='lat' dir='ltr'><strong>per-</strong></span> 
     </span>
     <span class='ocr_line' id='line_1_26' title="bbox 88 2024 944 2096; baseline 0.005 -19"><span class='ocrx_word' id='word_1_182' title='bbox 88 2024 249 2093; x_wconf 87' lang='lat' dir='ltr'><strong>territisque</strong></span> <span class='ocrx_word' id='word_1_183' title='bbox 266 2025 400 2094; x_wconf 86' lang='lat' dir='ltr'><strong>hostibus,</strong></span> <span class='ocrx_word' id='word_1_184' title='bbox 416 2027 490 2094; x_wconf 89' lang='lat' dir='ltr'><strong>quod</strong></span> <span class='ocrx_word' id='word_1_185' title='bbox 508 2028 643 2096; x_wconf 88' lang='lat' dir='ltr'><strong>equitatu,</strong></span> <span class='ocrx_word' id='word_1_186' title='bbox 660 2044 715 2096; x_wconf 88' lang='lat' dir='ltr'><strong>qua</strong></span> <span class='ocrx_word' id='word_1_187' title='bbox 731 2027 849 2081; x_wconf 82' lang='lat' dir='ltr'><strong>maxime</strong></span> <span class='ocrx_word' id='word_1_188' title='bbox 863 2030 944 2096; x_wconf 87' lang='lat' dir='ltr'><strong>parte</strong></span> 
     </span>
     <span class='ocr_line' id='line_1_27' title="bbox 89 2100 944 2172; baseline 0.002 -18"><span class='ocrx_word' id='word_1_189' title='bbox 89 2101 227 2155; x_wconf 85' lang='lat' dir='ltr'><strong>exereitus</strong></span> <span class='ocrx_word' id='word_1_190' title='bbox 244 2100 425 2169; x_wconf 86' lang='lat' dir='ltr'><strong>confidebant,</strong></span> <span class='ocrx_word' id='word_1_191' title='bbox 442 2106 521 2158; x_wconf 87' lang='lat' dir='ltr'><strong>eraut</strong></span> <span class='ocrx_word' id='word_1_192' title='bbox 537 2102 617 2172; x_wconf 88' lang='lat' dir='ltr'><strong>pulsi,</strong></span> <span class='ocrx_word' id='word_1_193' title='bbox 634 2103 798 2157; x_wconf 84' lang='lat' dir='ltr'><strong>adhortatus</strong></span> <span class='ocrx_word' id='word_1_194' title='bbox 815 2103 860 2156; x_wconf 76' lang='lat' dir='ltr'><strong>adt</strong></span> <span class='ocrx_word' id='word_1_195' title='bbox 869 2102 944 2156; x_wconf 80' lang='lat' dir='ltr'><strong>labo</strong></span> 
     </span>
     <span class='ocr_line' id='line_1_28' title="bbox 88 2177 754 2233; baseline 0.003 -3"><span class='ocrx_word' id='word_1_196' title='bbox 88 2192 148 2230; x_wconf 90' lang='lat' dir='ltr'><strong>rem</strong></span> <span class='ocrx_word' id='word_1_197' title='bbox 160 2177 263 2231; x_wconf 90' lang='lat' dir='ltr'><strong>milites</strong></span> <span class='ocrx_word' id='word_1_198' title='bbox 275 2177 398 2231; x_wconf 86' lang='lat' dir='ltr'><strong>Alesiam</strong></span> <span class='ocrx_word' id='word_1_199' title='bbox 410 2179 614 2233; x_wconf 85' lang='lat' dir='ltr'><strong>circumvallare</strong></span> <span class='ocrx_word' id='word_1_200' title='bbox 625 2178 754 2233; x_wconf 84' lang='lat' dir='ltr'><strong>instituit.</strong></span> 
     </span>
    </p>

    <p class='ocr_par' dir='ltr' id='par_1_6' title="bbox 79 2253 945 2933">
     <span class='ocr_line' id='line_1_29' title="bbox 143 2253 943 2324; baseline -0.001 -15"><span class='ocrx_word' id='word_1_201' title='bbox 143 2259 184 2309; x_wconf 82' lang='grc'><strong>69.</strong></span> <span class='ocrx_word' id='word_1_202' title='bbox 219 2255 315 2324; x_wconf 89' lang='lat' dir='ltr'><strong>Ipsum</strong></span> <span class='ocrx_word' id='word_1_203' title='bbox 327 2257 387 2308; x_wconf 90' lang='lat' dir='ltr'><strong>erat</strong></span> <span class='ocrx_word' id='word_1_204' title='bbox 399 2253 529 2323; x_wconf 90' lang='lat' dir='ltr'><strong>oppidum</strong></span> <span class='ocrx_word' id='word_1_205' title='bbox 541 2256 570 2308; x_wconf 90' lang='lat' dir='ltr'><strong>in</strong></span> <span class='ocrx_word' id='word_1_206' title='bbox 585 2255 654 2309; x_wconf 91' lang='lat' dir='ltr'><strong>colle</strong></span> <span class='ocrx_word' id='word_1_207' title='bbox 668 2270 782 2321; x_wconf 90' lang='lat' dir='ltr'><strong>summo,</strong></span> <span class='ocrx_word' id='word_1_208' title='bbox 794 2253 943 2308; x_wconf 90' lang='lat' dir='ltr'><strong>admodum</strong></span> 
     </span>
     <span class='ocr_line' id='line_1_30' title="bbox 88 2328 944 2401; baseline 0.004 -19"><span class='ocrx_word' id='word_1_209' title='bbox 88 2328 165 2384; x_wconf 87' lang='lat' dir='ltr'><strong>edito</strong></span> <span class='ocrx_word' id='word_1_210' title='bbox 177 2329 235 2384; x_wconf 92' lang='lat' dir='ltr'><strong>loco</strong></span> <span class='ocrx_word' id='word_1_211' title='bbox 247 2334 279 2384; x_wconf 91' lang='lat' dir='ltr'><strong>ut</strong></span> <span class='ocrx_word' id='word_1_212' title='bbox 290 2330 343 2391; x_wconf 83' lang='lat' dir='ltr'><strong>nisi</strong></span> <span class='ocrx_word' id='word_1_213' title='bbox 355 2329 496 2384; x_wconf 91' lang='lat' dir='ltr'><strong>obsidione</strong></span> <span class='ocrx_word' id='word_1_214' title='bbox 508 2332 660 2401; x_wconf 86' lang='lat' dir='ltr'><strong>expugnari</strong></span> <span class='ocrx_word' id='word_1_215' title='bbox 676 2346 757 2400; x_wconf 90' lang='lat' dir='ltr'><strong>posse</strong></span> <span class='ocrx_word' id='word_1_216' title='bbox 771 2346 826 2384; x_wconf 89' lang='lat' dir='ltr'><strong>non</strong></span> <span class='ocrx_word' id='word_1_217' title='bbox 839 2329 944 2385; x_wconf 79' lang='lat' dir='ltr'><strong>videre</strong></span> 
     </span>
     <span class='ocr_line' id='line_1_31' title="bbox 88 2404 944 2474; baseline -0.001 -15"><span class='ocrx_word' id='word_1_218' title='bbox 88 2407 149 2460; x_wconf 89' lang='lat' dir='ltr'><strong>tur:</strong></span> <span class='ocrx_word' id='word_1_219' title='bbox 167 2406 246 2474; x_wconf 90' lang='lat' dir='ltr'><strong>cnjus</strong></span> <span class='ocrx_word' id='word_1_220' title='bbox 257 2405 333 2460; x_wconf 87' lang='lat' dir='ltr'><strong>collis</strong></span> <span class='ocrx_word' id='word_1_221' title='bbox 344 2405 451 2460; x_wconf 88' lang='lat' dir='ltr'><strong>radices</strong></span> <span class='ocrx_word' id='word_1_222' title='bbox 463 2407 517 2459; x_wconf 91' lang='lat' dir='ltr'><strong>duo</strong></span> <span class='ocrx_word' id='word_1_223' title='bbox 530 2405 637 2460; x_wconf 89' lang='lat' dir='ltr'><strong>duabus</strong></span> <span class='ocrx_word' id='word_1_224' title='bbox 649 2422 684 2460; x_wconf 82' lang='lat' dir='ltr'><strong>ex</strong></span> <span class='ocrx_word' id='word_1_225' title='bbox 695 2404 821 2474; x_wconf 83' lang='lat' dir='ltr'><strong>partibus</strong></span> <span class='ocrx_word' id='word_1_226' title='bbox 832 2405 944 2459; x_wconf 90' lang='lat' dir='ltr'><strong>flumina</strong></span> 
     </span>
     <span class='ocr_line' id='line_1_32' title="bbox 89 2481 945 2551; baseline 0 -16"><span class='ocrx_word' id='word_1_227' title='bbox 89 2481 262 2536; x_wconf 89' lang='lat' dir='ltr'><strong>subluebant.</strong></span> <span class='ocrx_word' id='word_1_228' title='bbox 299 2482 374 2536; x_wconf 87' lang='lat' dir='ltr'><strong>Ante</strong></span> <span class='ocrx_word' id='word_1_229' title='bbox 391 2482 423 2534; x_wconf 90' lang='lat' dir='ltr'><strong>id</strong></span> <span class='ocrx_word' id='word_1_230' title='bbox 440 2482 571 2551; x_wconf 91' lang='lat' dir='ltr'><strong>oppidum</strong></span> <span class='ocrx_word' id='word_1_231' title='bbox 594 2482 724 2551; x_wconf 88' lang='lat' dir='ltr'><strong>planities</strong></span> <span class='ocrx_word' id='word_1_232' title='bbox 741 2481 853 2536; x_wconf 88' lang='lat' dir='ltr'><strong>circiter</strong></span> <span class='ocrx_word' id='word_1_233' title='bbox 869 2482 945 2535; x_wconf 87' lang='lat' dir='ltr'><strong>milia</strong></span> 
     </span>
     <span class='ocr_line' id='line_1_33' title="bbox 87 2557 944 2627; baseline -0.001 -16"><span class='ocrx_word' id='word_1_234' title='bbox 87 2572 217 2624; x_wconf 86' lang='lat' dir='ltr'><strong>passuum</strong></span> <span class='ocrx_word' id='word_1_235' title='bbox 228 2572 264 2611; x_wconf 93' lang='lat'><strong>111</strong></span> <span class='ocrx_word' id='word_1_236' title='bbox 275 2557 303 2611; x_wconf 92' lang='lat' dir='ltr'><strong>in</strong></span> <span class='ocrx_word' id='word_1_237' title='bbox 317 2558 516 2626; x_wconf 84' lang='lat' dir='ltr'><strong>longitudinem</strong></span> <span class='ocrx_word' id='word_1_238' title='bbox 530 2558 659 2627; x_wconf 89' lang='lat' dir='ltr'><strong>patebat:</strong></span> <span class='ocrx_word' id='word_1_239' title='bbox 675 2558 790 2627; x_wconf 89' lang='lat' dir='ltr'><strong>reliquis</strong></span> <span class='ocrx_word' id='word_1_240' title='bbox 806 2574 842 2612; x_wconf 86' lang='lat' dir='ltr'><strong>ex</strong></span> <span class='ocrx_word' id='word_1_241' title='bbox 858 2559 944 2612; x_wconf 90' lang='lat' dir='ltr'><strong>omni·</strong></span> 
     </span>
     <span class='ocr_line' id='line_1_34' title="bbox 87 2633 945 2704; baseline 0 -17"><span class='ocrx_word' id='word_1_242' title='bbox 87 2634 140 2687; x_wconf 91' lang='lat' dir='ltr'><strong>bus</strong></span> <span class='ocrx_word' id='word_1_243' title='bbox 151 2633 277 2703; x_wconf 85' lang='lat' dir='ltr'><strong>partibus</strong></span> <span class='ocrx_word' id='word_1_244' title='bbox 289 2635 371 2689; x_wconf 90' lang='lat' dir='ltr'><strong>colles</strong></span> <span class='ocrx_word' id='word_1_245' title='bbox 382 2634 513 2689; x_wconf 89' lang='lat' dir='ltr'><strong>mediocri</strong></span> <span class='ocrx_word' id='word_1_246' title='bbox 524 2634 672 2703; x_wconf 82' lang='lat' dir='ltr'><strong>interJ‘ecte</strong></span> <span class='ocrx_word' id='word_1_247' title='bbox 684 2635 842 2704; x_wconf 72' lang='lat' dir='ltr'><strong>spatio&#39;pari</strong></span> <span class='ocrx_word' id='word_1_248' title='bbox 850 2635 945 2688; x_wconf 87' lang='lat' dir='ltr'><strong>altitu-</strong></span> 
     </span>
     <span class='ocr_line' id='line_1_35' title="bbox 79 2709 944 2781; baseline 0 -18"><span class='ocrx_word' id='word_1_249' title='bbox 79 2710 160 2763; x_wconf 90' lang='lat' dir='ltr'><strong>dinis</strong></span> <span class='ocrx_word' id='word_1_250' title='bbox 171 2709 281 2777; x_wconf 83' lang='lat' dir='ltr'><strong>fastigio</strong></span> <span class='ocrx_word' id='word_1_251' title='bbox 293 2710 423 2779; x_wconf 90' lang='lat' dir='ltr'><strong>oppidum</strong></span> <span class='ocrx_word' id='word_1_252' title='bbox 436 2711 590 2779; x_wconf 84' lang='lat' dir='ltr'><strong>cingebant.</strong></span> <span class='ocrx_word' id='word_1_253' title='bbox 627 2710 685 2765; x_wconf 84' lang='lat' dir='ltr'><strong>Sub</strong></span> <span class='ocrx_word' id='word_1_254' title='bbox 696 2717 784 2781; x_wconf 85' lang='lat' dir='ltr'><strong>muro,</strong></span> <span class='ocrx_word' id='word_1_255' title='bbox 796 2726 867 2779; x_wconf 89' lang='lat' dir='ltr'><strong>quae</strong></span> <span class='ocrx_word' id='word_1_256' title='bbox 879 2726 944 2778; x_wconf 86' lang='lat' dir='ltr'><strong>pars</strong></span> 
     </span>
     <span class='ocr_line' id='line_1_36' title="bbox 87 2785 943 2856; baseline 0.001 -19"><span class='ocrx_word' id='word_1_257' title='bbox 87 2785 163 2838; x_wconf 91' lang='lat' dir='ltr'><strong>collis</strong></span> <span class='ocrx_word' id='word_1_258' title='bbox 175 2785 212 2839; x_wconf 86' lang='lat' dir='ltr'><strong>ad</strong></span> <span class='ocrx_word' id='word_1_259' title='bbox 224 2787 357 2841; x_wconf 79' lang='lat' dir='ltr'><strong>ementem</strong></span> <span class='ocrx_word' id='word_1_260' title='bbox 374 2786 458 2840; x_wconf 88' lang='lat' dir='ltr'><strong>solem</strong></span> <span class='ocrx_word' id='word_1_261' title='bbox 475 2786 627 2856; x_wconf 87' lang='lat' dir='ltr'><strong>spectabat,</strong></span> <span class='ocrx_word' id='word_1_262' title='bbox 643 2788 716 2842; x_wconf 88' lang='lat' dir='ltr'><strong>hunc</strong></span> <span class='ocrx_word' id='word_1_263' title='bbox 729 2803 838 2842; x_wconf 89' lang='lat' dir='ltr'><strong>omnem</strong></span> <span class='ocrx_word' id='word_1_264' title='bbox 854 2785 943 2839; x_wconf 92' lang='lat' dir='ltr'><strong>locum</strong></span> 
     </span>
     <span class='ocr_line' id='line_1_37' title="bbox 87 2860 944 2933; baseline 0.004 -21"><span class='ocrx_word' id='word_1_265' title='bbox 87 2860 182 2926; x_wconf 89' lang='lat' dir='ltr'><strong>copiae</strong></span> <span class='ocrx_word' id='word_1_266' title='bbox 202 2860 341 2917; x_wconf 89' lang='lat' dir='ltr'><strong>Gallorum</strong></span> <span class='ocrx_word' id='word_1_267' title='bbox 359 2862 564 2930; x_wconf 81' lang='lat' dir='ltr'><strong>compleverant</strong></span> <span class='ocrx_word' id='word_1_268' title='bbox 579 2864 737 2933; x_wconf 82' lang='lat' dir='ltr'><strong>fossamque</strong></span> <span class='ocrx_word' id='word_1_269' title='bbox 753 2866 783 2918; x_wconf 91' lang='lat' dir='ltr'><strong>et</strong></span> <span class='ocrx_word' id='word_1_270' title='bbox 797 2862 944 2917; x_wconf 89' lang='lat' dir='ltr'><strong>maceriam</strong></span> 
     </span>
    </p>
   </div>
   <div class='ocr_carea' id='block_1_5' title="bbox 88 2933 946 3075">
    <p class='ocr_par' dir='ltr' id='par_1_7' title="bbox 88 2933 946 3075">
     <span class='ocr_line' id='line_1_38' title="bbox 89 2933 945 3008; baseline 0.008 -24"><span class='ocrx_word' id='word_1_271' title='bbox 89 2949 138 2985; x_wconf 87' lang='lat' dir='ltr'><strong>sex</strong></span> <span class='ocrx_word' id='word_1_272' title='bbox 148 2934 177 2986; x_wconf 89' lang='lat' dir='ltr'><strong>in</strong></span> <span class='ocrx_word' id='word_1_273' title='bbox 193 2933 367 2989; x_wconf 87' lang='lat' dir='ltr'><strong>altitudinem</strong></span> <span class='ocrx_word' id='word_1_274' title='bbox 382 2937 484 3006; x_wconf 86' lang='lat' dir='ltr'><strong>pedum</strong></span> <span class='ocrx_word' id='word_1_275' title='bbox 500 2940 714 3008; x_wconf 79' lang='lat' dir='ltr'><strong>praeduxerant.</strong></span> <span class='ocrx_word' id='word_1_276' title='bbox 750 2939 819 3008; x_wconf 84' lang='lat' dir='ltr'><strong>Ejus</strong></span> <span class='ocrx_word' id='word_1_277' title='bbox 834 2939 945 2993; x_wconf 46' lang='lat' dir='ltr'><strong>muniti*</strong></span> 
     </span>
     <span class='ocr_line' id='line_1_39' title="bbox 88 3005 946 3075; baseline 0.013 -17"><span class='ocrx_word' id='word_1_278' title='bbox 88 3008 148 3060; x_wconf 87' lang='lat' dir='ltr'><strong>nnis</strong></span> <span class='ocrx_word' id='word_1_279' title='bbox 165 3025 235 3075; x_wconf 90' lang='lat' dir='ltr'><strong>quae</strong></span> <span class='ocrx_word' id='word_1_280' title='bbox 253 3008 288 3062; x_wconf 91' lang='lat' dir='ltr'><strong>ab</strong></span> <span class='ocrx_word' id='word_1_281' title='bbox 308 3011 438 3067; x_wconf 88' lang='lat' dir='ltr'><strong>Romanis</strong></span> <span class='ocrx_word' id='word_1_282' title='bbox 454 3014 654 3070; x_wconf 88' lang='lat' dir='ltr'><strong>instituebatur</strong></span> <span class='ocrx_word' id='word_1_283' title='bbox 671 3005 802 3070; x_wconf 75' lang='lat' dir='ltr'><strong>circmtus</strong></span> <span class='ocrx_word' id='word_1_284' title='bbox 820 3031 851 3069; x_wconf 77' lang='lat' dir='ltr'><strong>xi</strong></span> <span class='ocrx_word' id='word_1_285' title='bbox 869 3015 946 3069; x_wconf 90' lang='lat' dir='ltr'><strong>milia</strong></span> 
     </span>
    </p>
   </div>
   <div class='ocr_carea' id='block_1_6' title="bbox 87 3084 946 3231">
    <p class='ocr_par' dir='ltr' id='par_1_8' title="bbox 87 3084 946 3231">
     <span class='ocr_line' id='line_1_40' title="bbox 87 3084 944 3160; baseline 0.015 -29"><span class='ocrx_word' id='word_1_286' title='bbox 87 3094 215 3144; x_wconf 85' lang='lat' dir='ltr'><strong>passuum</strong></span> <span class='ocrx_word' id='word_1_287' title='bbox 228 3084 348 3139; x_wconf 86' lang='lat' dir='ltr'><strong>tenebat.</strong></span> <span class='ocrx_word' id='word_1_288' title='bbox 386 3088 484 3143; x_wconf 81' lang='lat' dir='ltr'><strong>Castra</strong></span> <span class='ocrx_word' id='word_1_289' title='bbox 495 3094 655 3159; x_wconf 87' lang='lat' dir='ltr'><strong>opportunis</strong></span> <span class='ocrx_word' id='word_1_290' title='bbox 667 3093 733 3146; x_wconf 86' lang='lat' dir='ltr'><strong>locis</strong></span> <span class='ocrx_word' id='word_1_291' title='bbox 750 3095 830 3146; x_wconf 89' lang='lat' dir='ltr'><strong>erant</strong></span> <span class='ocrx_word' id='word_1_292' title='bbox 844 3091 944 3160; x_wconf 85' lang='lat' dir='ltr'><strong>posita,</strong></span> 
     </span>
     <span class='ocr_line' id='line_1_41' title="bbox 88 3149 946 3231; baseline 0.024 -31"><span class='ocrx_word' id='word_1_293' title='bbox 88 3149 183 3217; x_wconf 88' lang='lat' dir='ltr'><strong>ibique</strong></span> <span class='ocrx_word' id='word_1_294' title='bbox 199 3158 311 3210; x_wconf 78' lang='lat' dir='ltr'><strong>castella</strong></span> <span class='ocrx_word' id='word_1_295' title='bbox 326 3163 500 3220; x_wconf 73' lang='lat' dir='ltr'><strong>amittente:</strong></span> <span class='ocrx_word' id='word_1_296' title='bbox 518 3166 619 3231; x_wconf 81' lang='lat' dir='ltr'><strong>quibus</strong></span> <span class='ocrx_word' id='word_1_297' title='bbox 637 3169 663 3220; x_wconf 88' lang='lat' dir='ltr'><strong>in</strong></span> <span class='ocrx_word' id='word_1_298' title='bbox 682 3168 804 3222; x_wconf 85' lang='lat' dir='ltr'><strong>castellis</strong></span> <span class='ocrx_word' id='word_1_299' title='bbox 821 3166 946 3222; x_wconf 89' lang='lat' dir='ltr'><strong>interdiu</strong></span> 
     </span>
    </p>
   </div>
   <div class='ocr_carea' id='block_1_7' title="bbox 0 0 1093 3409">
    <p class='ocr_par' dir='ltr' id='par_1_9' title="bbox 0 0 1093 3409">
     <span class='ocr_line' id='line_1_42' title="bbox 0 0 1093 3409; baseline 0 0"><span class='ocrx_word' id='word_1_300' title='bbox 0 0 1093 3409; x_wconf 95' lang='lat' dir='ltr'><strong> </strong></span> 
     </span>
    </p>
   </div>
  </div>
 </body>
</html>
