2175 3409
68 97 115 146 168
347 97 375 145 0.
393 95 494 146 JULII
511 96 688 145 CAESARIS

65 183 148 249 cogat
158 181 244 249 atque
255 178 357 233 auxilia
370 181 519 247 morentur,
538 194 621 248 quam
639 181 688 233 aut
705 178 854 235 deditionis
871 184 921 236 aut

66 257 143 326 pacis
158 255 328 310 subeundam
346 254 538 309 conditionem.
574 255 727 323 Mandubii,
744 256 792 325 qni
811 272 857 311 eos
874 274 921 325 op
954 285 959 300 ι

66 333 134 402 pido
152 334 321 400 receperant,
341 347 402 385 cum
420 331 514 386 liberis
531 335 617 401 atque
634 332 766 386 uxoribus
783 333 859 387 exire
876 350 921 387 co

66 413 176 476 grmtur.
212 407 251 461 Hi
270 423 355 476 quum
374 408 412 461 ad
430 408 598 462 munitiones
621 407 808 462 Romanorum
831 426 921 463 acces·

67 486 174 553 sissent,
187 483 285 537 flentes
297 483 423 538 omnibus
434 484 563 553 precibus
575 484 691 539 orabant
701 490 735 540 ut
747 502 777 539 se
791 486 819 538 in
837 486 920 540 servi-

66 563 156 614 tutem
168 564 295 628 receptos
306 560 367 614 cibo
379 558 517 628 jurarant.
541 563 595 615 ‘At
613 561 716 616 Caesar
732 561 873 631 dispositis
889 562 920 615 iu

66 635 137 690 vallo
149 636 280 690 custodiis
292 637 376 706 recipi
389 636 561 705 prohibebat.

119 716 159 771 79.
185 712 297 765 Interea
306 712 445 767 Commius
454 716 484 767 et
493 713 593 782 reliqui
603 713 694 781 duces,
704 713 804 783 quibus
813 730 920 769 summa

66 788 174 857 imperii
186 787 320 856 permissa
331 791 399 855 erat,
413 806 475 843 cum
494 790 621 844 omnibus
639 790 723 857 copiis
739 789 777 843 ad
795 790 919 845 Alesiam

66 865 238 934 perveniunt,
258 868 288 919 et
305 864 374 919 colle
391 866 529 919 exteriore
547 868 679 934 occupato
692 881 752 930 ,non
769 865 875 934 longius
894 882 918 921 m

67 941 193 1011 passibus
215 940 373 996 abnostris
390 941 590 995 munitionibus
613 941 766 995 considunt.
803 941 918 997 Postero

67 1018 113 1072 dic
133 1018 258 1088 equitatu
276 1035 310 1072 ex
329 1018 427 1073 castris
444 1017 545 1072 educto
562 1034 671 1072 omnem
689 1034 751 1072 eam
767 1018 918 1090 planitiem,

67 1111 150 1163 quam
162 1095 191 1148 in
203 1094 402 1162 longitudinem
415 1108 450 1149 111
461 1095 536 1148 milia
547 1110 676 1163 passuum
692 1098 789 1162 patere
807 1095 918 1150 demon-

67 1172 221 1238 stravimus,
232 1170 371 1241 complent
381 1170 581 1241 pedestresque
594 1170 684 1238 copias
696 1170 817 1239 paullum
829 1171 866 1225 ab
883 1188 917 1227 eo

66 1247 125 1300 loco
137 1247 247 1301 abditas
259 1248 287 1300 iu
299 1248 364 1302 locis
377 1246 565 1316 superioribus
579 1248 757 1301 constituunt.
773 1305 776 1312 ,
796 1247 865 1302 Erat
881 1265 917 1302 ex

66 1324 169 1392 oppido
183 1323 277 1378 Alesia
295 1324 441 1393 despectus
459 1323 487 1377 in
506 1340 640 1393 campum.
676 1323 856 1378 Concurritur
872 1325 917 1378 his

66 1401 174 1454 auxiliis
193 1401 271 1465 visis3
301 1400 334 1453 lit
354 1399 503 1467 gratulatio
520 1402 595 1454 inter
613 1416 668 1465 eos,
689 1404 775 1470 atque
796 1401 916 1455 omnium

65 1475 150 1529 animi
162 1475 198 1529 ad
210 1475 344 1530 laetitiam
356 1477 517 1530 excitantur.
555 1476 657 1544 Itaque
674 1476 815 1544 productis
832 1478 916 1545 copiis

66 1555 131 1605 ante
148 1551 280 1621 oppidum
299 1551 444 1605 considunt
461 1555 491 1605 et
507 1552 659 1620 proximam
676 1552 778 1605 fossam
795 1552 916 1607 cratibus

65 1629 194 1696 integunt
212 1630 296 1695 atque
316 1644 417 1695 aggere
438 1629 558 1697 explent,
578 1644 662 1698 seque
685 1627 722 1682 ad
745 1629 916 1698 eruptionem

65 1706 150 1772 atque
163 1720 257 1757 omnes
269 1720 347 1757 casis
359 1708 524 1772 comparant.

118 1786 159 1835 80.
196 1780 297 1835 Caesar
319 1780 393 1833 omni
416 1781 539 1835 exercitu
568 1779 605 1834 ad
633 1784 779 1849 utramque
807 1785 915 1852 partem

65 1857 245 1911 munitionum
258 1856 391 1926 disposito
407 1860 446 1925 ut,
464 1857 487 1910 si
505 1873 571 1911 usus
588 1857 686 1923 veniat,
703 1875 781 1913 suurn
800 1860 916 1928 quisque

65 1933 155 1988 locum
166 1936 261 1989 teneat
273 1938 302 1987 et
316 1933 430 2001 noverit,
448 1934 603 2002 equitatum
620 1950 655 1987 ex
661 1932 771 1988 'castris
788 1935 867 1989 educi
885 1939 916 1990 et
953 1937 959 1946 ”

65 2011 198 2077 proelium
211 2009 346 2063 committi
353 2008 444 2077 jubet.
469 2009 537 2063 Erat
550 2026 584 2063 ex
596 2008 722 2063 omnibus
734 2011 832 2064 castris
844 2028 915 2079 quae

66 2103 202 2141 summurn
225 2085 346 2154 nudique
365 2085 466 2154 jugum
490 2086 624 2140 tenebant
646 2086 801 2155 despectus,
830 2092 915 2157 atque

65 2164 186 2217 omnium
203 2163 322 2216 militum
341 2163 440 2216 intenti
462 2162 545 2215 animi
563 2178 672 2231 pugnae
689 2168 850 2231 proventum
868 2181 914 2218 ex-

66 2240 234 2310 spectabant.
270 2239 342 2293 Galli
365 2239 438 2292 inter
457 2240 565 2308 equites
588 2255 665 2292 raros
688 2239 845 2307 sagittarios
868 2256 914 2293 ex-

65 2317 229 2387 peditosque
240 2316 308 2370 levis
317 2320 472 2370 armaturae
481 2315 684 2383 interjecerant,
694 2316 741 2385 qui
750 2317 807 2370 suis
815 2315 914 2370 ceden-

64 2395 139 2448 tibus
157 2392 258 2447 auxilio
274 2396 465 2448 succurrerent
488 2397 518 2448 et
538 2395 696 2446 nostrorum
720 2393 845 2460 equitum
863 2392 914 2445 im-

65 2477 146 2541 petus
170 2470 343 2525 sustinerent.
381 2470 428 2524 Ab
451 2470 493 2524 his
519 2469 675 2539 complures
703 2469 739 2522 de
767 2468 914 2539 improviso

66 2546 202 2601 vulnerati
213 2546 316 2614 proelio
328 2546 506 2601 excedebant.
544 2547 634 2611 Quum
646 2561 710 2599 suos
726 2560 819 2614 pugna
835 2561 914 2614 supe-

66 2626 150 2678 riores
174 2638 235 2676 esse
260 2622 331 2676 Galli
354 2623 524 2677 confiderent
547 2628 577 2677 et
599 2625 709 2676 nostros
738 2620 914 2675 multitudine

64 2700 152 2769 premi
164 2699 299 2766 viderent,
317 2716 352 2753 ex
370 2700 495 2754 omuibus
512 2698 639 2768 partibus
657 2701 687 2753 et
702 2697 722 2750 ii
739 2698 787 2766 qui
804 2697 915 2751 muniti-

65 2776 161 2829 onibus
173 2775 389 2841 continebantur,
401 2776 462 2830 etii
474 2777 522 2843 qui
533 2775 570 2830 ad
582 2774 712 2828 auxilium
723 2776 913 2840 convenerant,

64 2851 182 2903 cmmore
194 2852 225 2902 et
235 2849 342 2903 ululatu
354 2866 465 2905 suorum
476 2853 580 2906 animos
591 2848 798 2904 confirmabant.
835 2850 915 2914 Quod

64 2925 92 2975 in
116 2927 263 2991 conspectu
286 2925 407 2979 omnium
430 2943 475 2981 res
497 2926 653 2995 gerebatur,
672 2941 763 2994 neque
783 2928 860 2979 recte
882 2942 915 2980 ao

65 2998 185 3064 turpiter
213 2998 315 3052 factum
343 3000 426 3055 celari
454 3006 574 3072 poterat,
602 3005 735 3069 utrosque
764 3005 794 3055 et
826 3000 915 3055 laudis

65 3070 201 3136 cupiditas
224 3076 254 3124 et
271 3074 354 3126 timor
372 3076 534 3143 ignominiae
551 3078 588 3132 ad
604 3079 736 3132 virtutem
750 3077 915 3132 excitabant.

67 3141 156 3202 Quum
167 3159 185 3194 11
195 3146 311 3199 moridie
322 3161 409 3216 prope
420 3152 457 3204 ad
473 3153 538 3206 solis
555 3170 680 3207 oooesum
698 3153 784 3206 dubia
800 3152 915 3207 victoria
