2175 3409
494 126 605 172 LIBER
622 126 669 172 VI.
965 130 1011 181 117

158 206 336 260 munitionem
355 206 449 274 egredi
473 222 571 274 passus
588 209 669 273 essct,
688 207 804 274 septimo
822 208 868 261 die
884 208 1014 264 diffidens

158 281 195 335 de
217 299 330 336 numero
348 283 454 336 dicrum
475 282 720 335 Caesarem-iidem
739 287 920 352 servaturum,
938 286 1018 355 quod·

158 357 265 425 longius
277 358 363 427 [eum]
374 371 548 426 progressum
561 358 691 411 audiebat
703 360 860 429 nequeulla
873 361 908 415 de
920 362 1012 415 reditu

159 433 219 502 ejus
236 434 308 487 fama
325 435 497 500 afferebatur,
516 434 708 487 simulacrum
731 440 874 503 permotus
894 438 1012 508 vocibus,

160 510 206 578 qui
222 509 303 563 illius
312 510 472 579 patientiam
483 526 578 577 paene
597 510 780 565 obsessionem
795 511 977 580 appellabant,
990 513 1013 565 si

159 585 271 653 quidem
290 603 327 640 ex
343 587 440 640 castris
458 585 554 653 egredi
571 602 625 638 non
640 586 742 652 liceret,
757 588 861 640 nullum
878 581 1013 655 ejusmodi

159 661 431 732 casumexspectans,
444 679 499 730 quo
510 660 607 715 novem
620 662 754 730 oppositis
767 662 918 730 legionibus
928 664 1015 716 maxiss

159 753 260 805 moquc
277 739 404 807 equitatu
421 738 602 806 dispersisac
622 754 709 806 paene
727 738 826 792 deletis
844 738 967 792 hostibus
985 739 1012 791 iu

160 812 269 867 milibus
292 830 420 883 passuum
439 829 474 867 111
498 813 599 867 offendi
622 817 723 882 posset,
742 815 863 883 quinque
886 814 1013 867 cohortes

160 886 357 943 frumentatum
375 890 402 942 in
426 890 564 958 proximas
582 893 690 957 segetes
707 890 782 943 misit
806 906 875 958 quas
892 890 966 944 inter
983 894 1013 944 et

160 967 252 1017 castra
269 982 338 1018 unus
356 966 464 1018 omnino
482 965 559 1019 collis
576 965 717 1018 intererat.
734 1007 738 1012 ,
754 966 913 1034 Complures
934 970 1013 1019 orant

161 1038 189 1093 in
204 1041 301 1094 castris
314 1057 347 1094 ex
364 1042 516 1109 legionibus
531 1042 607 1109 aegri
625 1041 723 1108 relicti,
734 1041 883 1109 exquibus
899 1042 946 1111 qui
961 1042 1013 1095 hoc

69 1129 82 1143 ·
161 1116 250 1184 spatio
262 1116 369 1171 dierum
381 1118 579 1181 convaluerant,
591 1117 705 1170 circiter.
716 1132 764 1170 cco
780 1117 832 1170 sub
848 1118 947 1170 vexillo
959 1135 1013 1170 una

161 1191 324 1248 mittuntur:
342 1211 442 1262 magna
453 1196 597 1263 praeterea
608 1192 757 1246 multitudo
769 1194 901 1258 calonum,
914 1207 1014 1261 magna

161 1267 203 1319 ris
210 1266 408 1339 jumentorum,
417 1286 488 1339 quae
500 1269 527 1321 in
540 1268 638 1322 castris
650 1268 821 1334 subsederat,
836 1270 908 1322 iacta
924 1276 1014 1338 potes-

161 1345 221 1417 tate
234 1344 365 1413 sequitur.
892 1377 896 1386 ‹
1012 1377 1016 1384 ·

86 1433 93 1444 ¹⁴
165 1441 169 1470 :
214 1423 255 1477 37.
291 1421 361 1474 Hoc·
375 1419 434 1489 ipso
454 1424 579 1489 tempore
602 1424 632 1473 et
655 1436 720 1473 casu
750 1420 879 1475 Germani
906 1420 1014 1488 equites

161 1496 353 1564 interveniunt,
366 1496 545 1565 protinusque
557 1495 654 1550 eodem
663 1497 709 1549 illo
722 1513 775 1564 quo
787 1501 921 1550 venerant
932 1513 1013 1550 cursu

161 1571 363 1626 abdecumana
387 1576 467 1641 porta
484 1571 511 1624 in
529 1571 788 1640 castra'irrumpere
804 1578 944 1640 conantur,
962 1589 1013 1626 nec

161 1647 237 1715 prius
253 1652 317 1702 sunt
333 1648 384 1701 risi
399 1646 515 1715 objectis
532 1647 568 1700 ab
585 1664 618 1701 ea
633 1652 714 1716 parte
730 1648 804 1701 silvis
821 1665 903 1717 quam
913 1649 1018 1701 castris

161 1724 418 1793 appropinquarent,
437 1739 523 1791 usque
541 1739 574 1777 eo
592 1725 688 1792 utrqui
706 1723 757 1777 sub
776 1724 846 1777 vallo
866 1723 1013 1778 tenderent

161 1804 327 1853 mercatores
356 1798 505 1868 recipiendi
536 1799 577 1851 sui
607 1799 765 1853 facultatem
791 1816 845 1851 non
874 1799 1016 1853 haberent<

163 1874 341 1943 inopinantes
352 1875 439 1928 nostri
451 1890 483 1928 re
495 1891 565 1928 nova
576 1874 780 1944 perturbantur,
794 1891 825 1928 ac
837 1875 882 1928 vix
894 1876 1012 1943 primum

162 1950 295 2019 impetum
307 1951 403 2005 cohors
415 1950 444 2003 in
459 1951 578 2004 statione
592 1951 717 2005 sustinet.
752 1947 1013 2004 Circumfunduntbr

66 2063 71 2070 ·
162 2042 196 2079 ex
208 2026 322 2095 reliquis
334 2026 428 2080 hostes
439 2025 565 2095 partibus
577 2026 691 2095 siquem
704 2025 1013 2094 aditumreperire'poe

162 2105 233 2156 sent.
264 2104 356 2170 Aegre
367 2104 462 2171 portas
474 2102 561 2155 nostri
572 2104 693 2167 tuentur,
702 2101 821 2170 reliquos
833 2099 925 2153 aditus
938 2101 1013 2154 locus

162 2173 221 2246 ipse
238 2194 288 2246 per
300 2194 329 2231 se
341 2177 511 2246 munitioque
527 2177 659 2231 defendit.
695 2177 771 2230 Totis
786 2175 943 2244 trepidatur
959 2193 1019 2229 cas-¹

161 2252 221 2320 tris,
234 2257 318 2322 atque
329 2253 398 2306 alius
410 2269 445 2307 ex
457 2253 510 2307 alio
521 2269 630 2307 causam
638 2253 777 2306 tumultus
790 2252 898 2320 quaerit
903 2268 912 2317 ·;
924 2268 1014 2320 neque

163 2344 217 2396 quo
229 2327 308 2395 signa
317 2329 442 2383 ferantur
452 2345 542 2397 neque
555 2345 637 2397 quam
650 2328 678 2381 in
696 2331 803 2398 partem
820 2328 1014 2396 quisquemon-

162 2405 254 2457 voniat
271 2404 422 2472 provident.
458 2404 538 2457 Alius
554 2408 636 2473 capta
655 2403 715 2473 jam
732 2408 822 2458 castra
839 2404 1015 2472 pronunciat;

162 2479 232 2534 alius
244 2479 337 2534 deleto
349 2480 473 2535 exercitu
484 2484 568 2550 atque
579 2480 745 2549 imperatore
754 2481 872 2534 victores
883 2478 1015 2545 barbaros

89 2593 91 2598 -
161 2556 270 2610 vonisse
281 2555 436 2611 contendit:
453 2557 580 2626 plerique
587 2572 676 2632 ,novas
688 2555 740 2609 sibi
752 2573 787 2610 ex
798 2557 857 2610 loco
869 2555 1015 2624 religiones

162 2632 276 2699 fingunt,
290 2633 444 2700 Cottaeque
456 2636 485 2685 et
501 2632 600 2686 Titurii
616 2632 799 2686 calamitatem
813 2632 862 2698 'qui
876 2632 905 2684 in
917 2632 1015 2687 eodem

162 2708 312 2763 occiderint
335 2707 446 2761 castello
467 2712 531 2763 ante
555 2708 646 2762 oculos
674 2712 786 2776 ponunt.
833 2706 891 2761 'lali
915 2708 1014 2762 timore

161 2784 287 2851 omnibus
305 2783 460 2851 perterritis
478 2785 656 2839 confirmatur
673 2783 763 2852 opinio
780 2782 1016 2851 barbarismiex

161 2860 269 2928 captivo
287 2858 438 2926 audierant,
454 2859 558 2914 nullum
573 2876 633 2914 csse
647 2860 721 2913 intus
738 2859 913 2927 praesidium.
949 2858 1016 2913 Per-

161 2951 289 3005 rumpere
301 2936 426 2989 nituntur
426 2952 527 3004 ,seque
536 2935 590 3005 ipsi
582 2936 785 2990 adhortantur
796 2951 832 2989 ne
844 2937 950 2989 tantam
962 2934 1017 2986 ior-

161 3014 257 3066 tnnam
269 3027 303 3065 ox
316 2976 442 3065 manibub
454 3011 602 3067 dimittant.

213 3093 254 3142 38
290 3087 358 3141 Erat
381 3103 464 3155 aeger
486 3088 515 3141 in
544 3087 682 3158 praesidio
709 3087 820 3141 relictus
848 3086 879 3139 P.
904 3047 1016 3137 Sextius
1051 3132 1056 3149 ,

162 3163 287 3230 Baculus,
299 3165 348 3233 qui
359 3164 478 3232 primum
495 3164 581 3233 pilum
592 3163 628 3217 ad
642 3164 788 3217 Caesarem
800 3160 926 3226 duxerat,
938 3156 1022 3224 cruris.

213 3244 244 3291 10
