2175 3409
158 216 224 256 enm
239 199 343 267 mittit3
360 192 422 255 Nisi
438 190 590 254 subsidium
606 214 643 253 ει·
661 201 864 269 ”i‘rsrttatun
877 218 938 258 sese
955 202 1015 257 diu·

159 277 216 332 tius
228 276 362 330 sustinere
373 292 427 329 non
438 292 525 345 posse.

213 357 236 411 7.
273 352 314 406 llo
330 351 365 406 de
381 352 472 406 media
488 355 570 407 nocte
586 352 687 407 (iacsar
703 352 800 407 iisdem
817 353 932 408 ducibus
947 370 1014 408 usim

159 429 207 498 qui
222 428 312 482 nuntii
327 428 363 482 ab
381 428 453 482 Iccio
469 431 608 494 venerant,
621 428 647 481 N
649 428 756 482 umidas
772 432 802 483 ot
819 430 916 483 Cretas
933 430 1015 497 sagit

158 501 245 559 tardos
256 505 286 559 et
300 503 453 557 funditores
470 504 599 557 Baleares
617 503 737 558 subsidio
753 504 895 574 oppidanis
911 505 1014 571 mittit3

158 597 275 650 quorum
299 579 420 639 aduentu
442 581 472 633 et
494 578 589 633 Remis
612 595 673 633 cum
696 597 745 648 spe
769 579 933 634 defensionis
956 584 1014 635 stu-

159 656 237 710 dium
253 654 443 724 propugnandi
458 655 580 723 accessit,
592 656 621 708 et
636 654 760 709 hostibus
776 656 872 709 eadem
886 654 921 710 de
933 672 1014 710 eausa

158 748 222 802 spes
241 731 367 800 potiundi
386 731 479 800 oppidi
499 730 631 786 discessit.
669 732 768 800 Itaque
783 731 922 800 paulisper
939 731 1014 801 apud

158 806 290 877 oppidum
302 806 402 860 morati
413 822 549 875 agrosque
562 806 710 860 Remorum
722 807 879 876 depopulati
888 806 1014 861 omnibus

158 883 225 937 vicis
239 882 423 950 aedificiisque
435 898 503 950 quos
512 882 590 936 adire
598 885 744 952 potuerant
753 883 869 936 incensis
878 883 915 936 ad
923 887 1015 958 eastra

9 960 12 987 ¹
67 977 75 1028 ¹·
160 957 285 1013 Caesaris
297 957 421 1012 omnibus
433 957 518 1027 copiis
529 959 730 1013 contenderunt
741 962 770 1012 et
781 957 822 1012 ali
831 958 940 1012 milibus
954 975 1014 1028 pas-

159 1051 238 1088 suum
256 1034 345 1088 minus
363 1046 387 1087 11
404 1036 494 1087 castra
512 1038 679 1103 posuerrmt3
695 1050 765 1103 qnae
781 1036 878 1102 castra,
889 1037 922 1088 ut
937 1032 1013 1087 fumo

158 1113 243 1179 atque
262 1109 371 1179 ignibus
391 1109 603 1179 significabatur,
623 1110 739 1180 amplius
758 1109 867 1163 milibus
884 1125 1012 1179 passuum

159 1200 213 1240 vm
223 1186 252 1239 in
263 1185 437 1240 latitudinem
448 1186 587 1255 patebant.

211 1267 235 1316 8.
272 1261 372 1316 Caesar
387 1262 475 1330 primo
492 1266 521 1316 ct
536 1264 653 1331 propter
670 1260 875 1316 multitudinem
893 1258 1012 1315 hostiurn

158 1339 189 1392 et
208 1339 321 1406 propter
342 1337 468 1391 eximiam
489 1338 643 1406 opinionem
663 1337 774 1391 virtutis
793 1336 896 1406 proelio
919 1352 1013 1405 super-

73 1413 78 1425 “
159 1412 256 1466 sedere
268 1413 366 1467 statuit
373 1434 380 1479 ;
398 1413 520 1482 quotidie
532 1417 624 1468 tamen
637 1412 810 1482 equestribus
821 1411 930 1482 proeliis
946 1412 1012 1481 quid

158 1487 245 1541 hostis
261 1488 364 1541 virtute
381 1491 473 1556 posset
490 1492 519 1543 et
536 1489 603 1558 quid
619 1489 705 1543 nostri
724 1488 858 1543 auderent
877 1487 1012 1557 periclita-

157 1561 246 1617 batur.
283 1563 339 1617 Ubi
358 1568 467 1618 nostros
484 1581 538 1618 non
558 1581 618 1618 esse
637 1565 779 1619 inferiores
798 1564 941 1633 intellexit,
953 1562 1012 1617 loeo

157 1655 208 1708 pro
217 1640 313 1693 castris
322 1640 359 1693 ed
368 1640 452 1694 eciem
463 1640 650 1695 instruendam
660 1644 758 1695 natura
766 1644 919 1709 opportuno
927 1643 1011 1708 atque

156 1714 264 1782 idoneo,
277 1716 352 1785 quod
367 1717 390 1769 is
404 1715 487 1785 collis,
500 1716 548 1771 ubi
564 1720 654 1771 eastra
669 1716 759 1785 posita
774 1719 861 1784 erant,
872 1715 1010 1784 paululum

158 1806 193 1845 ex
199 1791 313 1860 planitie
322 1792 413 1846 editus
422 1796 531 1847 tantum
539 1792 671 1847 adversus
680 1794 707 1846 in
716 1792 889 1847 latitudinem
896 1790 1011 1861 patebat

157 1870 291 1936 quantum
302 1868 354 1922 loci
366 1868 438 1923 acies
451 1869 586 1923 instructa
601 1885 732 1937 occupare
747 1871 865 1938 poterat,
877 1871 961 1936 atque
976 1883 1011 1920 ex

157 1946 276 2011 utraque
301 1947 381 2013 parte
405 1944 499 1998 lateris
524 1944 650 2012 dejectus
672 1944 793 1998 habebat
816 1943 897 1997 etin
920 1943 1011 1997 fronte

75 2054 82 2067 .
157 2018 257 2073 leniter
280 2019 425 2088 fastigatus
449 2020 580 2090 paulatim
604 2019 640 2073 ad
666 2020 808 2089 planitiem
832 2018 951 2086 redibat,
975 2017 1011 2072 ab

155 2097 274 2163 utroque
294 2095 381 2149 latere
402 2095 463 2164 ejus
480 2096 556 2151 collis
573 2098 757 2150 transversam
775 2095 876 2149 fossam
895 2094 1012 2148 obduxit

156 2170 266 2225 circiter
276 2187 410 2239 passuum„
422 2186 456 2226 cn
468 2176 497 2227 ct
514 2172 551 2225 ad
567 2175 704 2226 extremas
720 2171 805 2226 fossas
821 2170 933 2225 castella
949 2173 1008 2223 con-

85 2277 91 2290 ·
156 2245 247 2300 stituit
267 2247 360 2315 ibique
380 2250 518 2303 tormenta
537 2247 683 2313 collocavit,
702 2264 745 2313 nc,
764 2263 849 2315 quum
866 2247 952 2300 aciem
971 2246 1009 2298 in-

158 2322 310 2389 struxisset,
327 2321 428 2391 hostes,
442 2323 518 2392 quod
532 2326 640 2379 tantum
654 2322 831 2377 multitudine
846 2324 1010 2390 poterant‚n

156 2396 288 2468 lateribus
311 2402 463 2482 pugnantes
487 2416 550 2453 suos
573 2398 769 2453 circumvenire
791 2397 910 2466 possent.
949 2395 1011 2450 Hoc

155 2472 228 2526 facto
244 2473 350 2527 duabus
365 2473 516 2543 legionibus
536 2491 604 2544 quas
623 2473 747 2544 proxime
765 2472 964 2541 conscripserat
981 2472 1010 2525 in

155 2549 252 2604 eastris
263 2549 366 2604 relictis
377 2554 416 2617 ut
426 2551 449 2605 si
458 2567 512 2620 quo
521 2567 589 2621 opus
599 2553 680 2617 esset,
690 2548 809 2605 subsidio
819 2547 1010 2618 duci'possont,

155 2623 276 2692 reliquas
288 2641 336 2679 sex
348 2625 469 2694 legiones
480 2643 530 2695 pro
542 2627 639 2681 castris
650 2626 679 2679 in
690 2626 748 2681 acie
757 2624 911 2680 comtitnit'
938 2623 1008 2677 Hos

155 2701 199 2753 tes
210 2700 278 2754 item
290 2716 352 2754 suas
363 2702 455 2771 copias
466 2719 501 2757 ex
513 2702 611 2756 castris
622 2701 737 2756 eductas
748 2702 943 2756 instruxerant.

106 2759 156 2848 Γ
207 2781 231 2830 9.
268 2775 351 2829 Palus
367 2780 428 2831 erat
443 2794 496 2832 non
513 2794 612 2846 magna
625 2778 698 2833 inter
712 2780 836 2832 nostrum
850 2781 935 2846 atque
948 2774 1009 2830 hos-

79 2868 84 2880 ·
154 2852 223 2906 tium
243 2852 400 2907 exereitum
427 2853 516 2909 <Hanc
534 2855 558 2907 si
576 2853 663 2907 nostri
681 2853 831 2908 transirent
849 2853 942 2907 hostes
962 2868 1008 2904 ex-

155 2927 331 2997 spectabant3
348 2929 436 2983 nostri
451 2934 551 2998 autem,
565 2930 588 2982 si
603 2928 639 2983 ab
654 2928 707 2983 illis
723 2927 831 2982 initium
847 2925 1007 2981 transeundi

155 3003 243 3068 fieret,
254 3005 288 3057 ut
298 3004 445 3073 impeditos
456 3006 674 3075 aggrederentur
685 3004 774 3074 parati
785 3003 814 3056 in
826 3002 909 3055 armis
921 3004 1006 3053 erant.

156 3079 273 3134 Interim
284 3080 388 3148 proelio
400 3082 522 3149 equestri
533 3080 607 3133 inter
619 3078 688 3133 duas
699 3079 772 3132 acies
783 3074 1007 3131 contendebatur.

155 3154 212 3211 Ubi
227 3155 319 3210 neutri
334 3156 494 3212 transeundi
508 3155 618 3211 initium
632 3154 743 3216 faciunt,
755 3151 914 3205 secundiore
931 3148 1005 3215 equi-

1009 3337 1080 3381 Α
