2175 3409
72 115 103 161 lo
327 111 355 158 O.
374 109 391 157 J
395 108 477 158 ULII
495 107 668 157 CAESARIS

70 208 132 245 rum
143 206 207 259 pars
219 191 314 258 aperto
326 189 413 242 latere
425 188 545 256 legiones
564 188 765 258 circumvenire,
774 205 841 259 pars
855 206 927 245 sum-
963 190 965 192 ’

70 284 145 321 mum
157 269 309 320 castrorum
321 265 410 318 locum
422 268 519 333 petere
532 264 631 333 coepit.

123 348 163 396 24.
199 339 303 394 Eodem
323 343 447 409 tempore
467 341 575 408 equites
593 341 680 394 nostri
699 340 821 410 levisque
839 359 926 395 arma.

70 423 151 474 turae
173 418 289 488 pedites,
314 417 361 487 qui
385 433 447 471 cum
470 416 505 470 iis
528 432 584 469 una
607 417 723 483 fucrant,
748 434 815 486 quos
838 418 926 486 primo

69 495 190 550 hostium
201 495 308 563 impetu
320 495 413 563 pulsos
426 493 559 559 dixeram,
573 508 657 560 quum
670 493 740 546 sein
754 498 843 547 castra
858 494 926 547 reci-

69 575 175 641 perent,
187 570 309 624 adversis
321 569 446 624 hostibus
460 566 640 622 occurrebant
652 584 684 621 ac
697 585 791 622 rursus
804 569 884 622 aliam
897 570 926 622 in

70 651 177 717 partem
195 647 288 715 fugam
306 645 454 716 petebant;
473 648 502 699 et
521 644 636 709 calones,
657 645 703 712 qui
722 645 757 698 ab
776 645 927 701 decumana
981 664 999 684 κ

69 729 151 794 porta
162 741 193 779 ac
205 740 310 777 summo
317 722 386 792 jugo
398 723 474 776 collis
485 725 593 775 nostros
603 721 720 775 victores
729 722 829 776 flumen
838 727 926 776 trans-

70 803 111 855 ire
124 804 330 871 conspexerant,
342 798 492 869 praedandi
505 815 587 852 causa
600 798 710 866 egressi,
720 815 804 867 quum
816 815 926 867 respex-

70 879 157 931 issent
168 881 197 931 et
209 877 303 930 hostes
314 876 344 928 in
357 874 457 947 nostris
471 875 568 929 castris
580 874 683 928 versari
698 875 838 942 vidissent,
850 891 926 944 prae

70 954 167 1023 cipites
186 953 268 1021 fugae
287 968 347 1007 sese
366 950 540 1008 mandebant.
579 951 665 1004 Simul
685 967 779 1004 eornm
799 952 845 1021 qni
864 967 925 1007 cum

70 1028 272 1098 impedimentis
293 1026 438 1081 veniebant
458 1027 560 1081 clamor
578 1026 760 1095 fremitusque
781 1026 925 1092 oriebatur,

70 1106 171 1175 aliique
187 1105 268 1159 aliam
284 1104 313 1157 in
329 1107 438 1173 partem
457 1103 598 1172 perterriti
616 1102 784 1158 ferebantur.
821 1103 926 1168 Quibus

70 1181 196 1235 omuibus
216 1180 299 1234 rebus
318 1180 438 1250 permoti
459 1179 566 1247 equites
586 1179 698 1246 Treviri,
719 1196 833 1249 quorum
854 1180 926 1233 inter

71 1258 163 1312 Gallos
174 1258 284 1311 virtutis
297 1257 387 1326 opinio
400 1260 443 1310 est
458 1254 611 1323 singularis,
623 1255 670 1323 qui
687 1255 780 1308 auxilii
794 1272 876 1309 causa
890 1255 925 1309 ab
1019 1280 1022 1283 ⁴

70 1334 182 1387 civitate
194 1332 230 1387 ad
243 1333 387 1387 Gaesarem
402 1331 478 1385 missi
493 1334 632 1398 venerant,
645 1347 731 1400 quum
747 1331 925 1385 multitudine

71 1410 189 1464 hostium
208 1412 298 1463 castra
317 1411 410 1461 nostra
427 1407 563 1475 compleri,
577 1412 684 1460 nostras
701 1407 822 1475 legiones
837 1409 925 1476 premi

71 1490 100 1540 et
109 1502 196 1555 paene
205 1485 402 1539 circumventas
412 1483 509 1551 teneri,
517 1483 631 1547 calones,
642 1484 755 1552 equites,
766 1482 925 1548 hinditorcs,

71 1561 212 1627 Numidas,
226 1560 348 1614 diversos
360 1559 563 1629 dissipatosque
574 1559 602 1611 in
615 1575 708 1612 omnes
721 1565 814 1627 partes
830 1561 925 1627 fugere

71 1638 209 1705 vidissent,
219 1635 372 1704 desperatis
381 1636 480 1690 nostris
493 1635 576 1689 rebus
590 1635 700 1689 domurn
713 1636 927 1690 contenderunt:

73 1714 209 1767 Romanos
224 1713 317 1781 pulsos
332 1706 538 1781 superatosque,
553 1712 650 1765 castris
668 1712 926 1781 impedimentisque

71 1806 165 1844 eorum
176 1789 269 1843 hostes
280 1788 384 1857 potitos
396 1788 501 1842 civitati
514 1788 746 1842 renuntiaverunt.

72 1881 75 1886 ⁴
123 1870 164 1919 25.
201 1865 303 1919 Caesar
314 1864 349 1918 ab
362 1863 482 1918 decimae
494 1864 608 1932 legionis
619 1864 806 1918 cohortatione
814 1864 850 1918 ad
860 1864 926 1919 dex·

71 1947 145 2012 trum
157 1958 241 1996 cornu
252 1942 397 2010 profectus,
409 1940 456 1993 ubi
470 1956 532 1993 snos
544 1939 636 2007 urgeri
650 1940 789 2009 signisque
800 1941 829 1993 in
840 1957 925 1994 unum

71 2019 159 2072 locum
172 2018 276 2072 collatis
288 2016 465 2071 duodecimae
479 2015 593 2084 legionis
608 2016 743 2070 confertos
757 2016 858 2071 milites
874 2016 925 2069 sibi

71 2094 314 2164 ipsosadpngnam
324 2110 384 2147 esse
390 2092 588 2162 impedimento
597 2091 674 2157 vidit,
683 2096 797 2161 quartae
806 2093 925 2147 cohortis

72 2170 197 2224 omnibus
220 2170 422 2224 centurionibus
446 2168 541 2223 occisis
567 2167 749 2235 signiferoque
773 2170 926 2237 interfecto,

72 2247 149 2316 signo
161 2247 267 2314 amisso,
280 2247 447 2316 reliquarum
459 2244 612 2299 cohortium
625 2243 751 2297 omnibus
762 2246 820 2298 fere
831 2248 925 2298 ocutu-

71 2324 192 2377 riouibus
210 2326 259 2377 aut
277 2322 426 2377 vulneratis
446 2325 493 2375 aut
512 2321 614 2386 occisis,
630 2320 658 2372 in
678 2320 721 2373 his
739 2321 876 2390 primipilo
895 2322 925 2378 P.
980 2343 985 2352 ·

73 2400 166 2454 Sextio
178 2400 287 2467 Baculo,
295 2397 444 2451 fortissimo
453 2398 518 2463 viro,
529 2396 624 2452 multis
634 2397 822 2466 gravibusque
833 2397 925 2451 vulne-

72 2476 148 2531 ribus
162 2478 283 2531 confeoto
298 2478 330 2529 ut
345 2474 404 2543 jam
420 2491 449 2528 se
464 2474 598 2527 sustinere
616 2489 669 2526 non
689 2477 789 2543 posset,
805 2473 925 2543 reliquos

72 2569 133 2607 esse
144 2552 284 2616 tardiores,
294 2554 323 2605 et
334 2551 476 2604 nonnullos
488 2550 523 2603 ab
535 2548 689 2604 novissimis
702 2549 814 2603 deserto
823 2550 925 2617 proelio

72 2629 205 2683 excedere
216 2644 248 2681 ao
259 2628 316 2682 tela
325 2628 419 2693 vitare,
427 2626 520 2680 hostes
530 2643 619 2694 neque
629 2626 746 2681 afronte
755 2643 789 2679 ex
798 2626 925 2679 inferiore

72 2704 130 2758 loco
143 2704 292 2758 subeuntes
303 2703 487 2757 intermittere
500 2707 529 2757 et
540 2702 576 2755 ab
589 2707 707 2771 utroque
719 2703 806 2756 latere
815 2701 925 2768 instare,
1028 2736 1038 2754 .

73 2783 102 2833 et
113 2797 172 2834 rem
184 2797 244 2835 esse
255 2781 283 2834 in
295 2782 412 2849 angusto
422 2779 500 2848 vidit,
508 2798 598 2851 neque
607 2781 693 2834 ullum
704 2796 764 2833 esse
775 2777 925 2831 subsidium

73 2855 147 2924 quod
163 2856 289 2912 submitti
305 2860 405 2925 posset,
419 2859 496 2910 scuto
513 2856 548 2911 ab
561 2858 714 2911 novissimis
727 2855 773 2909 uni
787 2853 867 2907 militi
880 2853 927 2907 de-

73 2933 171 2997 tracto,
183 2932 256 2999 quod
268 2933 327 3001 ipse
340 2949 372 2985 eo
384 2932 442 2986 sine
454 2936 531 2986 scuto
543 2937 664 2997 venerat,
674 2935 702 2986 in
714 2933 830 3002 primam
840 2931 926 2984 acienr

73 3006 473 3074 processitcenturionibusque
483 3010 643 3063 nominatim
653 3007 926 3077 appellatisreliquos

74 3079 233 3148 cohortatus
255 3083 357 3136 mthes
381 3083 456 3151 signa
479 3084 581 3139 inferre
605 3090 634 3139 et
657 3085 809 3153 manipulos
833 3083 927 3138 laxare

71 3154 164 3222 jussit,
181 3171 235 3222 quo
252 3157 356 3211 facilins
373 3158 471 3225 gladiis
487 3160 529 3213 uti
547 3166 665 3229 possent.
702 3161 787 3230 Cujus
805 3161 928 3216 adventu
