2175 3409
412 538 532 593 LIBER
556 539 754 598 SEPTIMUS.

532 744 634 771 -e—

97 939 100 946 ·
152 911 272 977 ,Qumra
295 909 385 965 Gallia
408 910 516 976 Caesar,
539 913 572 964 ut
595 912 783 981 constituerat,
801 912 829 967 in
848 912 958 967 Italiam
976 913 1012 967 ad

159 990 308 1041 conventus
320 986 441 1055 agendos
453 986 643 1055 proficiscitur.
671 986 715 1040 lbi
726 989 865 1056 cognoscit
873 988 909 1042 de
922 989 1012 1043 Clodii

158 1063 257 1128 cacde;
276 1063 312 1117 de
328 1066 494 1132 senatusque
509 1063 633 1116 consulto
650 1065 752 1117 certior
767 1064 856 1118 lactus
872 1068 905 1118 ut
918 1081 1012 1118 omnes

153 1137 278 1206 juniores
302 1137 400 1192 Italiae
422 1138 605 1207 conjurarent,
633 1138 770 1192 delectum
790 1143 850 1193 tota
872 1141 1012 1208 provincia

158 1213 261 1268 habere
272 1213 399 1267 instituit.
430 1212 487 1267 Eae
499 1230 544 1267 res
556 1214 585 1266 in
598 1213 713 1267 Galliam
724 1214 929 1284 Transalpinam
941 1216 1011 1269 cele-

158 1290 228 1344 riter
244 1289 433 1359 perferuntur.
466 1288 586 1343 Addunt
598 1289 650 1357 ipsi
664 1294 694 1343 et
709 1290 840 1357 affingunt
855 1290 1011 1344 rumoribus

158 1366 230 1420 Galli
243 1364 317 1434 quod
329 1381 374 1418 res
391 1380 503 1432 poscere
516 1363 670 1432 videbatur,
683 1365 797 1419 retineri
815 1366 919 1419 urbano
933 1371 1011 1421 motu

158 1442 312 1509 Gaesarem,
326 1456 416 1508 nequo
434 1440 462 1493 in
477 1440 563 1494 tantis
580 1439 793 1493 dissensionibus
807 1442 844 1495 ad
859 1442 1010 1504 exercitum

156 1519 250 1572 venire
265 1533 352 1586 posse.
391 1516 453 1570 Hac
470 1515 581 1585 impulsi
599 1517 745 1585 occasione,
763 1517 809 1584 qui
824 1518 883 1585 jam
898 1522 963 1574 ante
980 1536 1010 1573 se

156 1594 250 1664 populi
263 1592 379 1646 Romani
388 1591 502 1661 imperio
513 1590 653 1660 subjectos
666 1592 798 1661 dolerent,
806 1593 919 1648 liberius
927 1600 1010 1665 atque

156 1670 285 1724 audacius
297 1669 332 1723 de
344 1667 416 1722 bello
430 1666 541 1721 consilia
554 1668 624 1722 inire
636 1668 775 1737 incipiunt,
808 1669 926 1724 Indictis
937 1661 1057 1726 inter(

156 1763 186 1800 sc
198 1747 332 1816 principes
341 1743 451 1798 vGalliae
464 1743 584 1798 conciliis
598 1744 768 1799 silvestribus
779 1762 812 1804 ac
821 1746 934 1800 remotis
946 1747 1010 1801 locis

156 1826 309 1892 queruntur
320 1822 356 1876 de
370 1821 488 1875 Acconis
499 1824 603 1886 morte;
615 1839 695 1891 posse
703 1822 775 1876 hunc
787 1838 878 1876 casnm
890 1822 927 1876 ad
937 1824 1009 1892 ipsos

154 1898 277 1952 recidere
299 1898 507 1970 demonstrant,
527 1897 693 1951 miserantur
712 1914 884 1952 communem
905 1899 1010 1954 Galliae

154 1975 306 2040 fortunam
324 1972 450 2028 omnibus
466 1972 708 2041 pollicitationibus
721 1990 753 2028 ac
768 1969 897 2042 praemiis
912 1974 1009 2042 depos-

155 2054 221 2104 cunt
233 2050 279 2118 qni
289 2049 356 2103 belli
367 2048 476 2102 initium
489 2048 592 2102 faciant
605 2052 634 2103 et
646 2050 687 2103 sui
700 2049 798 2118 capitis
811 2049 932 2117 periculo
945 2049 1009 2103 Gal-

153 2125 219 2180 liam
235 2127 264 2179 in
280 2125 439 2180 libertatem
458 2124 605 2179 vindicent.
643 2125 712 2193 Ejus
728 2124 852 2193 inprimis
875 2124 1008 2178 rationem

153 2200 307 2257 habendam
316 2201 422 2270 dicunt,
439 2202 598 2270 priusquam
611 2218 706 2256 eorum
718 2200 886 2262 clandestina
898 2200 1009 2254 consilia

154 2279 308 2346 efferantur,
321 2281 353 2332 ut
367 2277 468 2331 Caesar
480 2276 516 2330 ab
530 2276 871 2339 exercituintercludatur.
902 2275 938 2329 Id
947 2292 1009 2330 esso
1039 2299 1061 2318 a

153 2354 238 2421 facile,
251 2355 325 2421 quod
336 2370 424 2423 neque
438 2354 559 2423 legiones
578 2354 692 2408 absente
709 2353 875 2422 imperatore
889 2352 1010 2407 audeant

132 2426 188 2483 'ox
207 2429 328 2483 hibernis
346 2430 449 2498 egredi,
467 2447 557 2499 neque
575 2429 725 2498 imperator
743 2429 802 2483 sine
818 2428 955 2498 praesidio
971 2428 1008 2483 ad

152 2507 272 2574 legiones
295 2507 438 2575 pervenire
461 2508 561 2576 possit:
587 2510 726 2574 postremo
743 2506 772 2559 in
789 2506 847 2559 acie
867 2509 1008 2573 praestare

110 2615 112 2618 -
151 2583 269 2636 interfici
282 2600 363 2652 quam
375 2599 430 2636 non
443 2586 566 2638 veterem
583 2581 649 2635 belli
665 2582 780 2651 gloriam
795 2581 1008 2650 libertatemque

152 2676 234 2728 quam
247 2676 263 2713 a
275 2659 425 2728 majoribus
439 2659 595 2727 acceperint
608 2659 769 2727 reciperare.

152 2772 158 2778 -
204 2741 227 2789 2.
265 2736 318 2789 His
327 2734 410 2789 rebus
422 2736 534 2804 agitatis
547 2736 712 2804 profitentur
722 2735 857 2789 Carnutes
865 2749 894 2787 se
902 2733 1007 2787 nullum

149 2812 301 2882 periculum
313 2813 464 2866 communis
474 2813 570 2866 salutis
579 2828 661 2866 causa
669 2827 804 2878 recusare,
816 2809 1007 2879 principesque

151 2904 186 2942 ex
202 2889 328 2942 omnibus
345 2888 447 2942 bellum
464 2889 585 2943 facturos
604 2887 774 2956 pollicentur,
786 2889 823 2954 et,
835 2884 963 2953 quoniam
979 2885 1006 2937 in

149 2965 305 3033 praesentia
318 2964 461 3018 obsidibus
474 2965 547 3018 inter
560 2980 590 3017 se
602 2980 699 3019 cavere
715 2980 770 3016 non
788 2961 894 3031 possint
909 2976 945 3013 ne
961 2975 1006 3012 res

150 3043 287 3110 efferatur,
299 3044 331 3095 ut
339 3040 523 3109 jurejurando
533 3057 565 3094 ac
577 3039 633 3093 fide
643 3041 780 3094 sanciatur
792 3040 892 3107 petunt
901 3034 1006 3087 collatis

148 3118 318 3188 militaribus¹
327 3118 420 3185 signis,
430 3133 484 3186 quo
496 3133 573 3171 more
583 3132 677 3170 eorum
690 3114 866 3182 gravissimae
876 3108 1006 3162 caerimo-

148 3195 211 3248 niae
231 3194 415 3259 continentur,
431 3208 467 3245 ne
482 3193 556 3246 facto
573 3190 651 3243 initio
665 3189 731 3243 belli
747 3188 783 3241 ab
803 3186 915 3252 reliquis
930 3183 1006 3234 dese-
