2175 3409
327 339 445 395 LIBER.
463 338 670 394 SECUNDUS.

454 515 555 545 ...4-

74 659 162 724 Quum
180 660 254 714 esset
271 656 372 713 Caesar
391 656 421 712 in
440 658 571 714 citeriore
585 657 675 730 Gallia
690 656 720 710 in
736 655 867 725 hibernis,
885 657 925 711 ita

73 734 114 787 uti
145 750 227 802 supra
254 733 505 802 demonstravimus,
533 733 623 788 crebri
648 732 685 806 ad
713 749 777 787 eum
801 749 925 786 rumores

73 808 265 876 offerebantur,
289 808 446 878 litterisque
474 810 542 864 item
569 807 683 862 Labieni
710 807 811 862 certior
838 807 924 862 fiebat
1015 814 1019 820 ’

72 900 166 937 omues
183 884 290 953 Belgas,
302 901 384 954 quum
398 884 511 939 tertiam
525 900 586 939 esse
601 883 706 938 Galliae
723 886 831 951 partem
850 883 925 938 dire
1070 903 1079 949 r

71 976 171 1029 ramus,
183 965 276 1015 contra
288 956 418 1029 populum
433 961 586 1014 Romanum
602 959 745 1028 conjurare
760 957 924 1031 obsidesque

70 1036 143 1089 inter
164 1052 194 1091 se
213 1036 295 1091 dare:
321 1037 482 1106 conjurandi
500 1036 551 1090 has
574 1053 635 1090 esse
657 1052 770 1101 causas3
796 1036 923 1106 primum,

72 1111 146 1181 quod
158 1116 321 1168 vererentur
332 1129 368 1166 ue
380 1114 453 1167 omni
464 1116 563 1181 pacata
574 1112 664 1167 Gallia
675 1113 712 1166 sd
725 1129 773 1167 cos
786 1114 923 1168 exercitus

71 1192 165 1242 noster
182 1188 383 1253 adduceretur;
407 1188 513 1257 deinde,
532 1188 608 1257 quod
627 1187 662 1242 ab
683 1188 818 1242 nonnullis
839 1189 924 1243 Gallis

72 1264 290 1331 sollicitarentur,
317 1265 419 1333 partim
446 1266 500 1335 qui,
527 1268 562 1319 ut
590 1266 741 1319 Gennanos
767 1264 871 1318 diutins
894 1265 923 1318 in
997 1334 1000 1338 ⁴

72 1339 162 1393 Gellia
178 1340 282 1393 uersari
298 1341 449 1410 noluerant,
465 1341 506 1395 ita
521 1340 617 1411 populi
635 1340 750 1393 Romani
771 1341 921 1395 exercitum

72 1415 192 1468 hiemare
204 1419 289 1483 atque
300 1416 497 1471 inveterascere
508 1417 537 1470 in
554 1416 643 1471 Gallia
656 1416 771 1469 moleste
789 1415 922 1485 serebant,

73 1490 173 1557 partim
191 1490 238 1557 qui
257 1489 408 1545 mobilitate
425 1496 454 1547 ct
474 1492 587 1546 levitate
605 1491 688 1545 animi
705 1491 783 1546 novis
801 1492 923 1561 imperiis

74 1565 236 1629 studebant;
254 1566 289 1620 ab
298 1568 432 1621 nonnullis
446 1569 536 1634 etiam,
548 1568 623 1637 quod
634 1569 663 1621 in
676 1568 763 1623 Gallia
776 1586 793 1623 a
804 1569 924 1638 potenti-

72 1641 165 1695 oribus
189 1648 272 1710 atquo
297 1642 331 1696 iis
355 1644 403 1712 qui
426 1643 463 1698 ad
486 1643 677 1698 conducendos
699 1643 822 1698 homines
841 1644 923 1699 iacul-
981 1674 987 1685 ·

73 1720 146 1771 tates
168 1716 307 1772 habebant
330 1720 411 1788 vulgo
434 1736 520 1788 regna
538 1719 749 1788 occupabantur,
769 1721 815 1789 qui
834 1721 923 1774 minus
958 1719 959 1722 ’

73 1792 152 1847 facile
163 1809 223 1847 cam
236 1809 293 1847 rom
307 1794 423 1865 imperio
434 1798 528 1849 nostro
541 1795 670 1863 consequi
682 1799 819 1865 poterant.

125 1873 148 1921 2.
186 1868 238 1922 His
261 1869 362 1924 nuntiis
382 1871 537 1940 litterisque
558 1874 709 1925 commotus
732 1872 834 1925 Cacsar
853 1871 923 1925 dues

72 1943 193 2011 legiones
216 1945 244 1997 in
262 1945 388 2006 citeriore
409 1946 498 2001 Gallia
515 1962 599 2000 novas
618 1947 785 2016 conscripsit,
806 1952 835 2002 et
855 1948 923 2002 inita

72 2023 178 2074 aestate
189 2019 217 2073 in
231 2020 390 2075 interiorem
403 2022 518 2076 Galliam
534 2022 581 2090 qui
599 2022 749 2076 deduceret
761 2022 792 2087 Q.
806 2022 922 2078 Pedium

72 2094 194 2164 legatum
214 2096 295 2149 misit.
334 2097 397 2165 Ipse
416 2114 499 2166 quum
519 2098 638 2168 primurn
657 2096 751 2166 pabuli
768 2099 845 2166 eopia
862 2115 922 2153 osso

72 2170 205 2239 inciperet
219 2170 256 2224 ad
273 2173 422 2228 exereitum
440 2173 532 2239 uenit3
549 2174 598 2227 det
614 2174 754 2242 negotium
771 2175 923 2227 Senonibus

72 2245 239 2316 reliquisque
252 2247 344 2313 Gallis,
357 2248 404 2317 qui
415 2249 523 2303 finitimi
536 2249 629 2317 Belgis
645 2253 731 2314 eraut,
743 2250 783 2303 uti
802 2265 835 2303 ea
851 2266 922 2319 quae

72 2325 146 2391 apud
172 2338 218 2377 eos
246 2323 378 2390 gerantur
407 2329 569 2393 cognoscant
598 2341 683 2393 seque
713 2324 748 2379 de
774 2325 817 2378 his
839 2326 922 2379 robus

72 2398 217 2453 certiorem
238 2399 345 2455 iaciant.
383 2401 421 2454 lli
440 2397 601 2455 constanter'
617 2417 710 2455 omncs
728 2401 922 2455 mmtiaverunt
1016 2404 1018 2407 ’
1072 2442 1079 2480 4

72 2489 168 2527 manus
184 2474 253 2542 cogi,
271 2476 420 2530 exercitum
440 2476 469 2529 in
486 2493 571 2529 unum
590 2475 678 2529 locum
695 2475 817 2530 conduci.
853 2476 922 2529 Tum

72 2565 139 2602 voro
153 2547 335 2604 dubitandum
353 2568 406 2605 non
423 2551 590 2605 existimavit
605 2551 671 2619 quin
689 2551 725 2604 ad
739 2568 785 2605 cos
802 2552 922 2621 proficis-

72 2629 189 2678 ceretur.
226 2624 268 2679 Re
281 2626 459 2680 frumentaria
476 2631 633 2695 comparata
648 2630 738 2680 eastra
757 2631 849 2682 movet
866 2628 922 2681 dio

73 2698 179 2768 busque
190 2699 299 2754 circiter
311 2716 349 2754 xv
361 2701 397 2755 ad
410 2703 477 2755 fines
489 2702 638 2770 Belgarum
649 2703 782 2770 pervenit.

125 2780 148 2828 3.
186 2774 225 2828 llo
249 2791 333 2842 quum
354 2776 389 2831 de
411 2777 558 2845 improviso
581 2777 749 2847 celeriusque
772 2779 844 2832 omni
867 2779 922 2848 opi-

72 2850 153 2902 nione
177 2850 302 2920 venisset,
322 2852 410 2918 Romi,
435 2853 482 2921 qui
501 2854 618 2923 proximi
643 2854 747 2908 Galliae
771 2872 804 2908 ex
829 2855 922 2923 Belgis

75 2928 146 2989 sunt,
158 2925 193 2976 ad
206 2942 267 2978 emn
280 2928 385 2996 legatos
398 2928 500 2982 Iccium
511 2933 541 2983 ct
557 2930 807 2983 Andecumborium
819 2930 923 2999 primos

75 2999 194 3051 civitatis
206 2999 294 3070 [suae]
306 3003 440 3058 miseruut
451 3004 509 3074 [qui
523 3004 657 3075 dicerent]
669 3007 705 3060 Se
717 3023 820 3076 sueque
832 3008 923 3061 omnia
