2175 3409
84 87 115 136 18
332 84 360 132 0.
379 83 482 133 JULII
499 83 673 132 CAESARIS

82 168 177 218 meatu
194 166 278 231 atque
295 161 493 233 [eJrnolimentc
512 165 540 216 in
559 182 643 218 unum
659 165 748 220 lecum
770 167 933 222 contrahere
1004 197 1009 208 ·

82 257 181 310 pesse;
208 241 259 294 sibi
279 245 372 295 autem
393 241 492 294 mirum
518 242 605 295 videri
627 241 695 311 quid
717 242 746 295 in
770 258 820 296 sua
843 244 933 298 Gallia

83 334 165 386 quam
189 315 261 371 bello
284 317 392 371 vicisset
410 320 459 371 aut
480 316 591 372 Caesari
619 320 667 370 aut
696 317 804 371 omnino
833 319 933 388 populo

84 392 207 446 Romano
218 393 323 460 negotii
335 395 416 447 esset.
917 384 927 406 ⁰

136 475 177 524 35.
213 469 266 522 His
289 469 425 537 responsis
442 468 479 522 ad
498 468 643 524 Caesarem
660 469 755 523 relatis
773 469 873 525 iterum
896 473 933 525 ad

82 561 145 599 eum
162 545 262 599 Caesar
275 544 380 611 legates
396 561 458 598 cum
473 544 516 598 his
527 544 665 599 mandatis
676 545 779 600 mittit:
799 545 932 610 Quoniam

82 622 162 674 tante
173 636 222 673 suo
233 620 382 688 populique
395 620 511 675 Romani
522 620 656 674 beneficio
673 620 795 687 affectus,
807 639 891 690 quum
904 623 932 676 in

83 697 224 751 consulatu
248 713 296 750 suo
320 712 369 749 rex
391 699 475 764 atque
493 696 596 749 amicus
619 712 636 749 a
659 701 756 750 senatu
779 698 932 765 appellatus

82 776 163 834 essct,
175 772 244 826 hanc
260 772 312 827 sibi
328 772 483 841 populoque
500 772 622 825 Romane
636 773 754 839 gratiam
768 773 885 827 referret
900 777 932 828 ut

82 848 110 901 in
134 848 297 916 colloquium
321 848 414 902 venire
437 848 569 901 invitatus
592 851 753 915 gravaretur
781 865 870 916 neque
896 849 932 902 de

82 925 216 978 communi
235 941 266 978 re
289 923 434 978 dicendum
452 923 503 978 sibi
528 927 558 978 et
576 923 791 992 cognoscendum
811 927 931 992 putaret,

82 998 149 1054 haec
167 1016 227 1054 esse
245 1016 316 1068 quae
337 999 372 1052 ab
393 1015 426 1053 ee
450 999 619 1068 postularet:
645 1000 771 1067 primum,
791 1016 825 1053 ne
849 1016 930 1068 quarn

82 1075 286 1130 multitudinem
304 1075 443 1129 hominum
461 1075 577 1144 amplius
594 1077 672 1128 trans
689 1075 816 1129 Rhenum
827 1076 855 1128 in
867 1075 931 1129 Gal·

81 1151 146 1205 liam
169 1151 377 1215 transduceret;
407 1151 507 1205 deinde
531 1151 641 1205 obsides
664 1167 733 1219 quos
755 1151 871 1206 haberet
895 1151 930 1205 ab

83 1227 188 1281 Aeduis
208 1227 347 1294 redderet,
360 1227 547 1296 Sequanisque
564 1227 740 1294 permitteret
756 1230 788 1280 ut
804 1244 874 1296 quos
891 1228 931 1282 illi

81 1302 215 1357 haberent
243 1304 384 1357 voluntate
412 1302 473 1371 ejus
502 1302 621 1357 reddere
644 1302 698 1355 illis
721 1303 834 1368 liceret;
862 1301 937 1358 neve'

83 1378 195 1432 Aeduos
218 1378 318 1447 injuria
339 1378 485 1433 lacesseret
508 1381 578 1433 nev'e
600 1379 644 1432 his
674 1378 808 1447 sociisque
835 1396 929 1433 eorum

81 1453 339 1518 belluminferrct.1
358 1454 386 1508 si
404 1454 435 1507 id
449 1455 489 1508 ita
504 1455 622 1521 fecisset,
635 1455 687 1508 sibi
704 1455 859 1524 populoque
876 1455 931 1509 Ro-

81 1544 161 1583 mano
175 1532 335 1597 perpetuam
349 1530 465 1597 gratiam
487 1532 572 1599 atque
589 1530 736 1584 amicitiam
756 1547 818 1584 oum
838 1547 872 1585 eo
889 1532 930 1584 fu-

82 1607 188 1660 turam:
211 1605 234 1658 si
256 1621 309 1658 non
330 1606 497 1674 impetraret,
516 1619 583 1674 sese,
602 1607 728 1675 quoniam
751 1606 789 1660 M.
812 1606 931 1661 Messala

81 1680 120 1734 M.
132 1679 231 1734 Pisone
248 1680 402 1734 consulibus
419 1685 530 1736 senatus
547 1683 703 1751 censuisset,
714 1682 764 1750 uti,
777 1682 930 1752 quicunque
984 1709 988 1717 ·

83 1756 200 1810 Galbam
216 1756 382 1824 provinciam
400 1756 545 1826 obtineret,
557 1758 632 1826 quod
649 1758 790 1830 commode
807 1759 931 1827 reipub
978 1771 983 1782 “

50 1851 54 1858 ’
82 1832 149 1886 lieae
169 1833 260 1886 facere
279 1836 378 1901 posset,
402 1833 515 1887 Aeduos
538 1839 698 1901 ceterosque
719 1834 819 1888 amicos
838 1836 931 1904 pepuli

83 1908 199 1963 Romani
216 1908 385 1978 defenderet,
397 1911 433 1963 se*
444 1908 606 1964 Aeduorum
623 1909 737 1978 injurias
754 1925 808 1963 nen
826 1911 931 1979 negleo
1027 1952 1030 1958 .

82 1988 183 2039 turum.
525 2000 538 2015 ²

134 2066 175 2116 36.
211 2060 259 2113 Ad
277 2060 345 2115 baec
363 2061 518 2115 Ariovistus
537 2061 697 2129 respondit:
715 2062 768 2115 Jus
787 2078 848 2117 esse
866 2062 931 2117 belli

80 2139 114 2191 ut
125 2136 172 2204 qui
183 2136 312 2191 vicissent
323 2137 356 2190 iis
368 2153 437 2205 quos
448 2137 577 2191 vicissent
589 2137 818 2205 quemadmodum
829 2138 932 2193 vellent

80 2213 264 2281 imperarent:
293 2213 360 2266 item
384 2212 514 2282 populum
539 2213 691 2266 Romanum
715 2214 794 2267 victis
817 2231 871 2267 non
894 2215 931 2268 ad

80 2288 193 2343 alterius
208 2290 408 2358 praescriptum
424 2288 473 2342 sed
489 2288 526 2341 ad
541 2305 620 2342 suurn
636 2288 780 2342 arbitrium
794 2289 930 2358 imperare

79 2380 232 2420 consuesse.
267 2364 297 2418 si
314 2365 373 2433 ipse
390 2365 490 2433 populo
512 2365 635 2418 Romane
658 2381 713 2417 nen
730 2365 930 2433 praescriberet

81 2441 310 2509 quemadmodum
329 2458 377 2495 suo
394 2440 459 2508 jure
475 2444 609 2508 uteretur,
620 2457 675 2494 non
692 2444 819 2508 oportere
837 2457 897 2494 sese
914 2458 931 2495 a

80 2518 180 2587 populo
204 2518 327 2572 Romano
349 2517 379 2570 in
402 2534 451 2571 suo
470 2516 536 2585 jure
559 2516 692 2585 impediri.
729 2516 844 2570 Aeduos
869 2516 929 2580 sibi,

80 2594 208 2661 quoniam
219 2593 285 2647 belli
296 2594 434 2647 fortunam
446 2598 600 2649 tentassent
611 2596 641 2648 et
652 2592 736 2646 armis
748 2592 886 2661 congressi
899 2609 931 2646 ac

79 2668 201 2737 superati
213 2672 312 2736 essent,
324 2670 515 2738 stipendiarios
527 2686 587 2724 esse
598 2670 693 2724 factos.
722 2669 851 2736 Magnam
864 2668 931 2722 an-

80 2760 168 2797 sarem
187 2743 315 2812 injuriam
333 2745 424 2799 facere
443 2746 490 2814 qui
510 2762 559 2799 sue
578 2745 699 2800 adventu
717 2744 861 2812 vectigalia
879 2742 931 2797 sibi

81 2818 218 2873 deteriora
236 2820 346 2873 faceret.
383 2821 490 2874 Aeduis
511 2838 540 2874 se
559 2821 669 2875 obsides
684 2820 860 2874 redditurum
876 2833 930 2871 non

80 2917 148 2966 csso,
160 2916 249 2966 neque
266 2899 309 2952 his
326 2916 416 2968 neque
435 2916 528 2952 cerum
546 2902 626 2953 sociis
643 2899 742 2968 injuria
758 2898 861 2953 bellum
872 2893 932 2947 illa-

78 2979 181 3039 turum,
205 2974 228 3025 si
251 2975 279 3027 in
300 2990 333 3028 eo
353 2979 496 3029 manerent
519 2975 594 3043 quod
624 2976 801 3043 convenisset,
829 2977 933 3045 stipen-

81 3049 212 3113 diumque
224 3049 368 3114 quotannis
379 3051 545 3118 penderent:
562 3051 585 3103 si
598 3051 627 3103 id
638 3068 691 3103 non
705 3051 841 3120 iecissent,
852 3053 932 3120 longo

81 3122 115 3175 iis
130 3122 282 3175 fraternum
296 3140 394 3178 nomen
409 3125 501 3194 populi
518 3126 634 3180 Romani
650 3125 815 3181 abfuturum.
852 3127 933 3193 Quod
