2175 3409
89 95 136 143 130
343 93 371 139 (J.
387 90 406 139 J
408 90 490 141 ULII
506 90 680 139 CAESARIS

88 176 240 230 munitione
255 172 429 230 defenderet:
450 174 574 243 equitum
584 189 657 228 ¹vero
675 190 786 244 operam
799 191 889 245 neque
908 176 938 229 in

87 252 146 307 loeo
175 250 291 321 palustri
312 248 463 304 desiderari
475 249 625 319 debuisse,
649 253 679 305 et
704 250 761 305 illic
780 252 938 306 fuissenti-

86 329 141 382 lem
168 344 222 397 quo
249 326 304 380 sint
328 327 458 395 profecti:
483 343 619 381 summam
640 326 748 395 imperii
765 343 796 381 se
814 328 938 382 consulto

87 404 154 458 nulli
167 402 353 458 discedentem
371 402 528 470 tradidisse,
541 420 577 457 ne
595 403 619 456 is
639 403 825 457 multitudinis
846 404 937 459 studio

87 480 124 533 ad
147 478 333 533 dimicandum
356 479 544 556 impelleretur
551 500 559 545 3
584 479 628 533 cui
651 480 692 533 rei
716 482 830 548 propter
855 479 937 533 animi

86 556 229 610 mollitiem
241 555 354 609 studere
365 570 459 609 omnes
474 555 590 622 rideret,
608 555 683 624 quod
698 556 801 610 diutius
815 556 937 611 laborem

86 632 159 686 ferre
173 648 228 685 non
243 629 363 700 possent.
398 630 515 684 Romani
531 632 556 684 si
571 648 647 685 cusu.
657 632 864 700 intervenerint,
884 632 937 685 for-

85 711 183 773 tunae;
203 708 225 761 si
237 706 353 775 alicujus
364 706 465 761 indicio
477 707 574 772 vocati,
583 706 648 761 huic
656 707 811 761 habendam
819 707 935 775 gratiam

86 783 162 851 quod
172 787 202 837 et
213 783 380 852 paucitatem
394 799 488 837 eorum
500 799 534 837 ox
546 783 607 837 loco
617 784 759 852 superiore
774 800 937 851 cognoscere

85 862 115 913 et
131 861 262 915 virtutem
276 859 418 928 despicere
431 859 579 928 potuerint,
594 860 642 928 qui
660 859 790 914 dimicare
807 876 860 912 non
877 860 937 914 ausi

85 936 205 1005 turpiter
217 936 287 991 sein
299 940 391 990 castra
404 936 565 1004 receperint.
602 935 754 1005 Imperium
772 951 802 1009 se
816 935 852 988 ab
869 935 937 990 Gue-

86 1029 147 1067 sare
170 1030 220 1082 per
242 1013 424 1083 proditionem
441 1012 547 1066 nullum
565 1011 724 1065 desiderare
742 1012 816 1080 quod
833 1011 936 1066 habere

85 1088 198 1142 victoria
221 1092 321 1157 posset,
346 1087 497 1158 quaejam
520 1090 595 1142 esset
618 1086 670 1141 sibi
696 1091 781 1156 atque
810 1087 936 1142 omnibus

86 1163 172 1218 Gallis
195 1165 349 1234 explorata:
375 1164 441 1233 quin
465 1164 549 1218 etiam
571 1164 639 1232 ipsis
662 1164 813 1233 remittere,
837 1163 861 1217 si
884 1164 936 1218 sibi

84 1241 172 1307 magis
187 1240 317 1294 honorem
335 1240 458 1295 tribuere
476 1256 559 1309 quam
574 1239 609 1293 ab
629 1256 658 1293 se
679 1239 796 1294 salutem
813 1240 935 1309 accipere

84 1315 237 1370 videantur.
274 1317 351 1371 Haec
370 1320 402 1371 ut
422 1316 590 1384 intelligatis,
608 1316 707 1385 inquit,
726 1332 743 1369 a
762 1332 806 1371 me
830 1316 935 1371 sincere
1015 1333 1021 1337 ·

51 1394 53 1400 '
83 1393 265 1460 pronunciari,
279 1393 374 1447 audite
391 1393 529 1446 Romanos
546 1392 655 1447 milites.
691 1391 826 1446 Producit
843 1409 935 1447 servos

84 1484 153 1535 quos
176 1469 205 1521 in
228 1468 403 1535 pabulatione
421 1468 515 1536 paucis
533 1471 598 1522 anto
617 1467 715 1522 dicbus
736 1471 882 1536 exceperat
904 1472 935 1522 et

83 1543 156 1596 fame
175 1544 342 1614 vinculisque
365 1546 575 1598 excruciaverat.
613 1544 653 1598 Hi
672 1543 732 1612 jam
755 1548 820 1598 ante
844 1544 935 1598 edocti

84 1635 155 1687 qnae
178 1619 340 1689 interrogati
358 1621 577 1688 pronunciarent,
597 1620 702 1674 Milites
721 1637 751 1675 se
770 1636 831 1674 esse
851 1620 935 1687 legio

83 1694 173 1748 uarios
185 1695 293 1751 meunt:
311 1696 383 1750 fame
394 1698 424 1749 et
439 1696 531 1765 inopia
545 1696 680 1750 adductos
697 1696 767 1750 clam
784 1712 820 1750 ex
837 1697 935 1750 castris

83 1771 179 1838 exisse,
196 1771 219 1825 si
238 1771 305 1841 quid
325 1772 456 1826 frumenti
477 1776 525 1826 aut
546 1772 654 1841 pecoris
671 1772 700 1826 in
720 1772 793 1840 agris
810 1772 935 1840 reperire

83 1851 208 1915 possent:
237 1848 319 1901 simili
342 1864 450 1902 omnem
474 1848 626 1902 exercitum
649 1848 741 1916 inopia
763 1848 860 1916 premi,
882 1864 936 1902 nec

77 1923 138 1991 jam
152 1925 224 1979 vires
244 1925 366 1979 sufficere
386 1924 521 1992 cuiquam,
540 1925 683 1978 necteria
702 1924 792 1992 operis
811 1922 935 1977 laborem

81 2016 176 2069 posse:
188 2002 282 2070 itaque
299 2002 427 2056 statuisse
440 1997 642 2069 imperatorem,
658 2000 682 2053 si
699 1999 767 2053 nihil
783 2000 813 2052 in
829 2016 934 2068 oppug-

82 2078 193 2132 natione
212 2078 305 2147 oppidi
323 2076 490 2146 profecisset,
509 2076 602 2130 triduo
621 2077 771 2130 exercitum
789 2075 934 2130 deducere.

83 2153 168 2222 Haec,
189 2155 287 2223 inquit,
307 2171 324 2207 a
341 2170 393 2219 me,
417 2152 636 2221 Vercingetorix,
660 2151 794 2206 beneficia
815 2150 938 2218 habetis,

82 2245 164 2297 quem
176 2229 338 2300 proditionis
349 2228 519 2296 insimulatis,
526 2228 605 2296 cnjus
614 2244 698 2297 opera
704 2228 762 2282 sino
773 2231 865 2281 vestro
873 2244 934 2281 san-

81 2305 164 2373 guine
176 2310 284 2361 tantum
297 2305 447 2360 exercitum
459 2304 591 2358 victorem
602 2304 675 2357 fame
687 2320 774 2372 paene
791 2320 934 2372 consump

81 2384 141 2435 tum
153 2382 268 2448 vidctis3
283 2398 366 2451 quem
378 2380 497 2448 turpiter
509 2395 538 2433 se
551 2396 585 2434 ex
603 2379 654 2432 hac
670 2379 736 2447 fuga
753 2378 932 2447 recipientem

81 2474 116 2511 ne
129 2475 184 2527 qua
194 2459 290 2513 civitas
302 2457 359 2510 suis
370 2456 470 2510 finibus
481 2456 597 2525 recipiat
609 2472 679 2509 ame
688 2454 827 2525 provisum
839 2458 890 2509 est.

133 2539 178 2588 21.
207 2533 365 2589 Conclamat
376 2532 464 2586 omnis
476 2531 624 2585 multitudo
637 2534 666 2585 et
688 2548 737 2585 suo
754 2547 831 2585 more
848 2530 933 2594 armis

81 2612 235 2677 concrepat,
248 2609 324 2678 quod
335 2609 425 2663 facore
436 2609 465 2662 in
475 2624 508 2662 eo
517 2610 684 2662 consueumt
691 2606 771 2675 nujus
780 2606 932 2661 orationem

81 2684 247 2753 approbant:
265 2685 407 2738 Summum
419 2700 480 2738 esse
492 2683 748 2752 Vercingetorigem
760 2682 867 2750 ducem,
881 2699 932 2737 noc

82 2759 117 2813 de
129 2759 190 2826 ejus
202 2760 258 2813 fide
270 2760 460 2827 dubitandum,
472 2776 523 2814 nec
533 2758 639 2828 majore
650 2760 757 2813 ratione
768 2757 871 2812 bellum
882 2758 932 2812 ad-

81 2835 230 2887 ministrari
250 2852 337 2903 posse.
366 2836 499 2889 Statuunt
521 2837 555 2889 ut
578 2835 674 2889 decem
696 2834 771 2888 milia
791 2826 931 2888 hominum

80 2908 188 2962 delecta
199 2926 234 2964 ex
246 2910 371 2964 omnibus
382 2910 466 2978 copiis
477 2911 505 2964 in
518 2912 649 2980 oppidum
662 2909 868 2978 submittantur,
880 2927 932 2965 neo

79 2982 144 3035 solis
167 2983 339 3052 Biturigibus
363 3002 532 3040 communem
560 2987 676 3043 salutem
704 2986 931 3041 committendam

81 3061 200 3124 censent,
220 3060 294 3126 quod
317 3077 401 3126 penes
422 3078 476 3129 eos,
495 3063 519 3116 si
539 3062 569 3116 id
589 3064 721 3132 oppidum
741 3063 934 3131 retinuissent

81 3144 214 3184 suminam
225 3134 355 3188 victoriae
367 3140 492 3191 constare
503 3139 700 3207 intelligebant.
