2175 3409
82 117 114 164 80
333 113 360 157 0.
379 111 397 157 J
400 109 480 159 ULII
496 108 669 157 OAFSARIS
694 69 696 73 v
751 100 753 105 ¹

82 191 170 245 Gallia
188 192 232 245 est
247 189 356 258 praeter
371 188 464 256 fagum
484 190 570 255 atque
586 184 713 240 abietem.
748 186 882 254 Leporem
900 193 931 244 et
986 222 991 232 ·
1073 237 1086 270 4

82 267 211 334 gallinam
225 267 254 320 et
270 280 395 318 anserem
410 264 522 331 gustare
539 262 582 315 fas
599 278 654 315 non
672 263 787 331 putant3
803 262 871 317 haec
889 266 931 318 ta-
1084 279 1085 312 r

81 359 144 395 men
162 342 239 394 alunt
254 340 337 394 animi
349 338 553 407 voluptatisque
567 353 654 390 causa.
689 337 763 391 Loca
781 340 844 392 srmt
862 341 931 393 tem·

80 417 218 486 peratiora
230 431 313 484 quam
323 414 352 467 in
364 413 454 468 Gallia
465 411 665 467 remissioribus
675 412 829 481 frigoribus.
973 457 984 476 ι

134 496 173 546 13.
209 490 303 544 Insula
325 492 423 542 natura
439 488 583 557 triquetra,
600 488 679 556 cujus
696 504 781 541 unum
798 489 870 542 latus
887 492 931 543 est

80 566 310 622 contrailalliam.
347 563 440 631 Hujus
452 563 547 617 lateris
558 564 630 617 alter
641 563 757 631 angulus
773 565 820 633 qui
835 568 878 618 est
893 565 930 617 ad

12 641 363 787 detullerunt&
379 638 930 783 ltililaillattpttllla

150 777 153 784 .
360 758 368 783 a
827 757 833 770 ·

80 791 176 861 [latus]
187 792 307 861 pertinet
319 792 428 846 circiter
439 789 513 843 milia
524 805 654 859 passuum
666 805 692 844 n.
728 791 856 846 Alterum
871 809 931 846 ver-

79 868 122 936 git
134 869 171 922 ad
183 868 344 937 Hispaniam
356 871 439 936 atque
450 866 619 921 occidentem
631 867 722 934 solem,
732 884 786 935 qua
801 885 835 922 ex
850 873 930 937 parte

80 947 123 997 est
140 944 274 998 Hibernia
287 943 401 998 dimidio
415 943 511 1010 minor,
527 945 560 1013 ut
575 942 754 1010 existimatur,
771 961 853 1011 quam
869 945 930 1000 Bri-

80 1020 180 1088 tannia,
194 1019 245 1074 sed
257 1019 317 1088 pari
333 1018 421 1088 spatio
437 1017 614 1072 transmissus
630 1021 714 1085 atque
730 1036 765 1073 ex
782 1019 871 1074 Gallia
887 1023 930 1074 cst

78 1094 109 1149 in
121 1095 298 1151 Britanniam.
328 1095 363 1149 In
373 1094 424 1150 hoc
435 1093 526 1148 medio
538 1110 619 1147 cursu
638 1097 681 1147 est
694 1094 783 1150 insula
799 1112 869 1164 quae
882 1113 930 1166 ap

78 1170 198 1240 pellatur
214 1170 318 1237 Mona3
338 1169 490 1238 complures
508 1172 652 1238 praeterea
669 1171 787 1224 minores
806 1170 930 1239 obiectae

12 1297 14 1301 i
79 1246 183 1301 insulae
194 1246 402 1310 existimantur3
418 1243 564 1312 dequibus
574 1244 671 1297 insulis
682 1246 803 1299 nonnulli
819 1247 931 1316 scripse-

78 1325 145 1376 runt
160 1322 220 1377 dies
236 1322 377 1376 continuos
392 1336 450 1374 xxx
467 1319 517 1373 sub
533 1317 631 1373 bruma
646 1337 707 1375 esse
721 1326 836 1378 noctem.
872 1324 898 1376 N
900 1339 930 1377 os

78 1397 146 1450 nihil
158 1397 194 1451 de
205 1413 237 1452 eo
249 1395 499 1466 percontationibus
510 1396 719 1464 reperiebamus,
732 1399 784 1452 nisi
795 1399 878 1452 certis
894 1415 929 1453 ex

79 1488 151 1540 aqua
161 1489 258 1526 mensu
274 1472 280 1485 ’
306 1471 447 1526 breviores
460 1487 519 1525 esse
531 1487 613 1540 quam
624 1472 653 1524 in
670 1473 819 1530 continenti
835 1479 929 1529 noctes

79 1546 245 1602 videbamus.
256 1489 373 1625 ffiujus
384 1549 428 1601 est
439 1546 581 1614 longitudo
592 1547 694 1616 lateris,
705 1552 738 1602 ut
752 1549 807 1602 fert
820 1549 929 1604 illorum

81 1622 179 1692 opinio,
191 1637 243 1677 nco
254 1622 367 1678 milium.
403 1621 526 1675 Tertium
539 1625 583 1675 est
599 1628 695 1677 contra
711 1625 928 1695 septemtriones,

79 1698 122 1751 cui
133 1699 206 1766 parti
217 1698 291 1751 nulla
303 1701 345 1752 est
357 1697 466 1766 objecta
477 1700 567 1764 terra3
580 1698 630 1751 sed
642 1697 702 1767 ejus
711 1700 825 1769 angulus
834 1701 930 1755 lateris

79 1774 196 1828 maxime
207 1774 244 1828 ad
256 1774 428 1829 Germaniam
441 1776 562 1842 spectat:
576 1773 627 1827 hoc
638 1775 713 1828 milia
723 1792 853 1845 passuum
862 1791 929 1831 nccc

79 1849 107 1902 in
117 1849 314 1917 longitudinem
327 1865 387 1904 esse
401 1849 581 1904 existimatur.
619 1849 665 1903 Ita
681 1852 767 1904 omnis
782 1852 871 1905 insula
886 1856 929 1906 est

78 1925 107 1979 in
117 1925 232 1980 circuitu
243 1919 325 1979 vio'ies
337 1928 446 1979 centum
458 1923 563 1978 milium
574 1941 710 1993 passuum.

36 1991 121 2030 “⁸
132 2007 172 2056 14.
209 2001 251 2054 Ex
274 2001 317 2055 his
340 2000 464 2055 omnibus
488 2000 569 2068 longe
589 2004 652 2056 sunt
671 2001 856 2056 humanissimi
880 2006 927 2072 qui

79 2076 208 2132 (lantiam
218 2076 348 2144 incolunt,
360 2077 517 2146 quaeregio
530 2080 573 2131 est
584 2077 723 2132 maritima
734 2077 827 2145 omnis,
839 2094 928 2148 neque

77 2154 194 2207 multum
218 2170 235 2207 a
258 2152 362 2207 Gallica
386 2152 516 2205 differunt
539 2153 741 2206 consuetudine.
779 2153 928 2209 Interiores

78 2229 202 2298 plerique
213 2229 350 2283 frumenta
361 2245 415 2281 non
426 2232 529 2295 serunt,
542 2228 592 2281 sed
603 2228 674 2282 lacte
689 2231 718 2282 et
731 2245 812 2283 carne
825 2230 927 2295 rimini,
1002 2275 1008 2292 ‚

37 2306 249 2393 §ppllibusque
260 2308 323 2358 sunt
335 2303 439 2358 vestiti.
475 2303 578 2358 Omnes
589 2320 653 2359 vero
670 2320 699 2357 se
716 2304 841 2357 Britanni
857 2304 927 2359 vitro

77 2381 208 2449 inficiunt,
221 2381 296 2449 quod
307 2380 462 2435 oaemleum
474 2379 557 2434 efficit
569 2378 694 2446 colorem,
705 2382 788 2447 atque
800 2379 850 2434 hoo
866 2380 927 2434 hor-

77 2456 192 2511 ridiores
212 2456 321 2510 suntin
339 2473 431 2525 pugna
449 2455 597 2524 adspectu:
618 2454 767 2523 capilloque
786 2458 850 2510 sunt
867 2472 928 2523 pro

78 2533 160 2586 misso
172 2536 255 2601 atque
272 2532 344 2586 omni
362 2535 442 2600 parte
460 2531 580 2601 corporis
596 2548 658 2584 rasa
672 2534 782 2599 praeter
799 2536 881 2599 caput
898 2534 928 2585 et
985 2570 991 2578 .
1084 2535 1085 2544 ’

78 2608 184 2661 labrum
196 2608 325 2677 superius.
362 2607 470 2661 Uxores
481 2607 585 2662 habent
598 2606 661 2661 deni
673 2607 847 2675 duodenique
854 2607 928 2662 inter

78 2699 109 2737 se
120 2700 283 2751 communes,
296 2688 325 2739 et
336 2684 453 2738 maxime
464 2685 565 2738 fratres
577 2700 639 2738 cum
648 2683 779 2742 fratribus
786 2686 928 2751 parentes

78 2776 132 2828 que
143 2777 205 2815 curn
216 2759 325 2826 liberis3
342 2759 392 2814 sed
403 2760 450 2829 qui
463 2763 527 2815 sunt
539 2777 574 2813 ex
585 2760 628 2813 his
639 2760 705 2825 nati,
718 2775 811 2816 eorum
825 2758 927 2814 haben·

78 2838 125 2888 tur
136 2835 224 2902 liberi,
237 2849 290 2904 quo
301 2835 421 2904 primum
432 2836 510 2903 virgo
522 2852 647 2905 quaeque
659 2834 778 2888 deducta
789 2837 838 2888 est

132 2916 171 2963 15.
207 2910 322 2978 Equites
344 2911 464 2964 hostium
489 2911 673 2980 essedariique
697 2910 797 2964 acriter
823 2908 927 2978 proelio

78 3000 139 3037 cum
152 2985 277 3052 equitatu
287 2989 381 3040 nostro
392 2986 421 3040 in
432 2987 530 3041 itinere
542 2987 729 3053 conflixerumt,
738 2986 779 3040 ita
790 2988 882 3039 tamen
894 2990 927 3040 ut

78 3059 165 3111 nostri
184 3060 309 3113 omnibus
325 3061 449 3129 partibus
461 3062 615 3132 superiores
626 3062 729 3116 fuerint
740 3065 824 3132 atque
836 3077 882 3115 eos
898 3062 928 3116 in

79 3131 161 3184 silvas
172 3133 306 3202 collesque
318 3136 505 3206 compulerint,
521 3137 572 3193 sed
583 3136 766 3207 compluribus
776 3137 927 3192 interfectis
