2175 3409
520 120 632 170 LIBER
651 120 686 170 V.
986 123 1018 171 88

168 203 297 259 obtineat.
332 201 387 257 His
399 201 500 256 Caesar
508 200 626 271 imperat
634 200 743 257 obsides
752 215 789 255 xu
797 200 1018 270 frumentumque

135 269 307 344 *fficrcitui
326 276 607 346 Mandubratiumque
624 279 661 333 ad
677 295 724 332 eos
739 277 833 331 mittit.
870 276 916 329 llli
933 276 1019 345 impe-

145 383 148 388 «
167 358 229 408 rata
240 354 366 408 celeriter
377 354 508 421 iecerrmt,
520 353 630 407 obsides
641 351 678 408 ad
687 369 830 407 numerum
839 353 1019 408 frumentum·

167 430 374 497 quemiserunt.
483 488 486 494 ,

220 511 260 559 21.
297 505 507 561 Trinobantibus
530 506 651 561 defensis
680 509 766 575 atque
792 504 828 558 ab
851 504 925 557 omni
948 503 1018 557 mili-

166 582 226 633 tum
238 580 339 648 injuria
349 581 501 650 prohibitis,
514 581 681 649 Cenimagni,
694 580 856 649 Segontiaci,
869 579 1018 647 Ancalites,

166 654 283 723 Bibroci,
296 656 386 722 Cassi,
400 656 583 724 legationibus
596 657 687 711 missis
701 673 761 711 sese
778 654 887 710 Caesari
904 654 1017 708 dedunt.

148 786 150 790 ,
167 730 213 783 Ab
226 730 259 783 iis
270 732 408 798 cognoscit
419 749 473 786 nou
484 732 565 800 longe
577 749 612 786 ex
624 748 657 786 eo
669 732 728 786 loco
740 731 871 800 oppidum
884 729 1018 784 Cassiuel-

165 805 239 859 launi
264 806 361 860 abesse
385 807 459 861 silvis
482 808 684 877 paludibusque
707 808 850 875 munitum,
873 822 927 874 quo
951 805 1018 858 satis

165 897 280 949 maguus
291 882 431 937 hominum
443 884 605 953 pecorisque
617 900 747 937 numerus
761 882 927 937 convenerit.
962 880 1018 952 Op-

164 956 260 1024 pidum
281 962 374 1013 autem
393 959 518 1013 Britanni
539 963 645 1028 vocant,
666 976 752 1029 quum
772 959 852 1013 silvas
870 956 1018 1026 impeditas

164 1032 234 1085 vallo
253 1037 338 1104 atque
355 1036 428 1088 fossa
449 1035 615 1102 munierunt,
638 1052 693 1105 quo
716 1033 875 1089 incursionis
897 1031 1017 1086 hostium

164 1107 293 1160 vitandae
310 1116 392 1163 carisa
409 1110 553 1164 convenire
572 1114 744 1165 consuerunt.
763 1089 821 1198 βο
837 1108 1018 1177 proficiscitur

80 1189 84 1195 ’
163 1198 226 1236 cum
246 1183 412 1251 legionibus:
435 1186 523 1240 locum
542 1187 665 1254 repperit
684 1202 792 1255 egregae
812 1188 911 1239 natura
933 1187 1017 1252 atque

163 1273 247 1325 opere
259 1260 409 1326 munitum;
419 1263 512 1315 tamen
523 1261 596 1315 hunc
607 1261 712 1316 duabus
723 1279 758 1316 ex
775 1260 900 1330 partibus
915 1274 1017 1327 oppug-

163 1346 229 1385 nare
244 1334 393 1389 contendit.
428 1337 531 1391 Hostes
549 1338 687 1407 paulisper
702 1338 801 1392 morati
817 1336 936 1390 militum
956 1350 1017 1387 nos

160 1408 269 1462 trorum
292 1410 425 1479 impetum
448 1429 502 1466 non
520 1413 651 1481 tulerunt,
672 1430 786 1482 seseque
805 1412 858 1466 alia
878 1427 913 1465 ex
936 1414 1016 1480 parte

161 1484 255 1553 oppidi
263 1484 413 1553 eJ'ecerunt.
450 1487 566 1556 Magnus
577 1488 616 1541 ibi
628 1505 756 1542 numerus
768 1487 873 1555 pecoris
881 1489 1015 1555 repertus,

161 1559 296 1629 multique
306 1562 335 1615 iu
346 1562 412 1629 iuga
424 1566 487 1617 sunt
499 1563 688 1632 comprehensi
700 1568 784 1634 atque
795 1563 939 1618 interfecti.

214 1640 255 1689 22.
290 1637 363 1691 Dum
380 1637 447 1692 haec
462 1639 490 1706 in
503 1638 547 1693 his
563 1640 628 1693 locis
642 1643 785 1707 geruntur,
797 1638 1015 1694 Cassivellaunus

161 1709 198 1763 ad
211 1710 347 1780 Cantium,
359 1713 435 1781 quod
445 1730 506 1768 esse
517 1714 554 1768 ad
570 1731 646 1767 mare
663 1731 746 1783 supra
762 1714 1015 1781 demonstravimus,

161 1784 262 1851 quihus
273 1787 564 1858 regionibus'quatuor
579 1806 660 1858 reges
676 1793 829 1859 praeerant,
847 1789 1014 1857 Cingetorix,

162 1860 305 1930 Carvilius,
323 1864 523 1932 Taximagulus,
541 1865 675 1932 Segonax,
690 1865 802 1918 nuncios
818 1866 912 1931 mittit,
930 1868 1014 1933 atque

160 1933 203 1989 his
219 1936 337 2005 imperat
349 1939 392 1993 uti
404 1941 505 1993 coactis
517 1939 641 1993 omnibus
652 1940 738 2008 copiis
750 1944 841 1994 castra
856 1940 962 1993 navalia
978 1939 1014 1993 de

160 2010 307 2080 improviso
330 2013 491 2067 adoriantur
513 2017 597 2083 atque
620 2019 785 2084 oppugnent.
823 2015 849 2068 Ii
873 2031 956 2083 quum
977 2013 1014 2067 ad

160 2089 250 2140 castra
272 2087 418 2157 venissent,
436 2089 524 2143 nostri
542 2091 686 2157 eruptione
705 2091 779 2145 facta
801 2089 898 2144 multis'
918 2105 1013 2143 eorum

159 2160 318 2231 interfectis,
342 2167 422 2232 capto
446 2165 530 2219 etiam
553 2165 638 2219 nobili
662 2166 732 2220 duce
756 2166 931 2234 Lugotorige,
950 2181 1012 2219 suos

159 2236 307 2292 incolumes
319 2239 495 2295 reduxerunt
531 2240 747 2294 Cassivellaunus
758 2242 809 2295 hoc
825 2240 929 2309 proelio
944 2257 1012 2293 nun-

158 2310 237 2379 ciato,
250 2316 293 2386 tot
309 2309 482 2369 detrimentis
498 2317 624 2385 acceptis,
640 2317 755 2371 vastatis
772 2316 878 2384 finibus,
894 2317 1011 2370 maxime

158 2388 243 2441 etiam
254 2393 395 2457 permotus
410 2391 565 2446 deiectione
580 2391 729 2459 civitatum,
740 2392 846 2460 legatos
861 2407 913 2459 per
929 2394 1012 2445 Atre·

158 2461 251 2516 batem
279 2464 432 2519 Commium
459 2467 495 2520 de
518 2467 658 2521 deditione
681 2468 719 2521 ad
743 2467 888 2522 Caesarem
915 2466 1010 2521 mittit.

159 2538 267 2606 Caesar,
286 2557 370 2608 quum
392 2542 532 2596 statuisset
551 2544 667 2597 hiemem
685 2544 713 2595 in
731 2543 880 2596 continenti
898 2541 1011 2611 propter

157 2616 315 2689 repentinos
328 2616 433 2671 Calliae
448 2622 645 2685 motusagere,
660 2634 750 2685 neque
765 2618 881 2671 multum
898 2618 1010 2672 aestatis

157 2694 314 2758 superesset
338 2695 422 2760 atque
445 2692 474 2745 id
491 2693 578 2746 'facilc
602 2693 709 2747 extrahi
732 2710 813 2761 posse
835 2694 1010 2762 intelligeret,

156 2765 266 2819 obsides
289 2767 406 2836 imperat
425 2771 454 2821 et
477 2767 598 2837 quid-in
618 2785 703 2823 annos
726 2770 845 2838 singulos
868 2767 1010 2839 vectigalis

156 2842 258 2911 populo
268 2842 391 2897 Romano
403 2843 549 2898 Britannia
558 2844 692 2913 penderet
701 2847 856 2901 coustituit:
868 2845 1010 2901 interdicit

156 2921 241 2987 atque
253 2918 371 2985 imperat
384 2912 594 2986 Cassiuellauno,
603 2935 638 2974 nc
650 2920 844 2974 Mandubratio
852 2938 907 2975 neu
916 2921 1009 2973 Trino-

155 2987 286 3048 bantibus
297 2997 400 3048 noceat.

207 3072 249 3125 23.
285 3069 434 3125 Obsidibus
446 3072 564 3140 acceptis
581 3071 731 3125 exercitum
746 3071 855 3124 reducit
871 3068 908 3122 ad
924 3083 1009 3131 marc,

153 3155 237 3199 naves
260 3146 365 3201 invenit
387 3147 511 3201 relectas.
548 3147 608 3212 His
625 3146 759 3212 deductis,
782 3145 857 3212 quod
876 3148 906 3199 et
924 3141 1008 3211 capti·

1001 3331 1085 3379 A
