2175 3409
44 37 92 99 ilo
310 37 337 85 o.
361 34 463 95 onan
480 34 656 84 cananeus

44 114 121 170 cordi
142 115 228 172 fuisse
245 113 415 172 arbitrantur
430 112 459 167 in
475 113 568 182 ignem
585 113 714 181 inferrmt,
732 112 817 169 etiarn
836 116 903 188 anis.

45 191 138 245 melia:
152 207 182 243 ac
194 189 287 258 paullo
298 206 381 258 supra
392 189 462 244 hanc
473 189 633 243 memoriam
646 190 717 243 servi
730 193 760 244 et
771 190 894 258 clientes,

45 283 113 335 quos
136 265 171 319 ab
195 265 229 318 iis
253 264 368 319 dilectos
392 281 452 333 esse
475 265 626 334 constabat,
644 256 738 333 juetid‘
752 266 896 344 funeribus

45 341 176 396 confectis
188 358 242 395 una
253 340 454 396 cremabantur.

96 423 137 472 20.
175 418 251 483 Quae
262 416 390 471 ciuitates
401 417 570 486 commodius
587 433 665 471 suam
682 417 895 488 rempublicam

46 492 239 548 administrare
257 492 457 560 existimantur,
476 492 579 548 habent
597 492 705 561 legibus
722 493 896 561 sanctum,si

45 567 191 638 quiequid
216 567 252 622 de
269 583 301 621 re
320 567 429 636 publica
448 585 465 622 a
484 569 608 623 finitimis
626 585 738 624 rumore
755 572 804 623 aut
822 569 896 623 fama

45 644 188 712 acceperit,
205 643 247 697 uti
271 643 308 697 ad
331 643 523 711 magistratum
548 645 655 700 deierat
671 661 741 700 neve
759 661 821 699 cum
839 635 896 721 qud

44 718 98 772 alio
110 719 303 773 eommunicet:
321 719 396 787 quod
408 736 490 786 saepe
502 719 627 774 homines
637 721 799 775 temerarios
810 722 896 786 atoue

45 794 187 862 imperitos
197 794 272 848 falsis
285 794 438 849 rumoribus
455 796 556 849 terreri
572 799 603 849 et
618 795 655 849 ad
670 796 775 850 facinus
791 794 895 864 impelli

46 868 130 924 etde
153 870 266 924 summis
290 870 373 925 rebus
396 871 538 924 eonsilium
561 888 660 940 capere
683 873 821 940 cognitum
844 873 896 924 est.

46 944 226 1014 Magistratus
237 962 308 1014 quae
321 946 377 1000 risa
391 949 455 1000 sunt
469 946 623 1013 ocoultant;
642 962 768 1016 quaeque
783 963 845 1001 esse
860 962 896 999 ex

46 1037 99 1076 usu
115 1020 308 1089 judicaverint,
326 1021 495 1076 multitudini
514 1022 643 1090 produnt.
678 1022 721 1075 De
738 1020 897 1090 republica

46 1096 98 1152 nisi
109 1113 161 1167 per
172 1098 315 1152 concilium
326 1097 400 1178 loqui
413 1113 466 1149 non
479 1096 644 1151 conceditur.

98 1178 139 1226 21.
176 1173 304 1227 Gennani
328 1172 444 1227 multum
468 1172 503 1226 ab
526 1172 796 1228 hacconsuetudine
819 1172 897 1227 diffe-

46 1252 125 1304 runt:
148 1265 212 1303 nam
235 1265 325 1316 neque
348 1248 467 1302 Druides
489 1247 593 1302 habent
617 1248 664 1317 qui
687 1247 770 1302 rebus
797 1248 896 1301 divinis

46 1323 175 1392 praesint,
198 1339 289 1392 neque
312 1324 449 1378 sacrifieiis
473 1324 595 1378 student
637 1324 759 1379 Deorum
782 1339 897 1377 numero

48 1416 95 1453 eos
107 1399 177 1453 solos
189 1398 292 1452 ducunt
305 1415 373 1467 quos
384 1402 501 1452 cernunt
514 1402 543 1453 et
554 1415 671 1467 quorum
687 1403 783 1467 aperte
798 1397 897 1467 opibus

42 1474 183 1542 juvantur,
202 1473 292 1529 Solem
316 1477 345 1527 et
363 1474 518 1529 Vulcanum
535 1478 565 1529 et
582 1474 704 1529 Lunam:
721 1474 842 1543 reliquos
860 1485 897 1526 ne

47 1551 120 1603 fama
134 1548 246 1617 quidem
262 1555 433 1618 acceperunt.
468 1549 537 1604 Vita
554 1550 642 1604 omnis
658 1551 687 1603 in
707 1548 907 1611 venationibus,

47 1628 131 1694 atque
142 1625 171 1677 in
183 1624 282 1677 studiis
293 1625 334 1679 rei
346 1625 472 1680 militaris
484 1625 624 1681 consistit:
637 1624 672 1679 ab
680 1624 802 1693 parvulis
809 1624 898 1678 labori

47 1717 79 1754 ac
91 1699 210 1754 duritiae
221 1699 341 1755 student.
377 1700 430 1765 Qui
442 1700 597 1755 diutissime
606 1700 763 1769 impuberes
771 1715 898 1768 perman·

48 1778 149 1843 semnt,
173 1776 319 1832 maximam
340 1776 414 1830 inter
437 1792 500 1830 suos
524 1777 618 1830 ierumt
641 1776 763 1830 laudem:
781 1775 833 1829 hoc
860 1775 897 1829 ali

49 1855 189 1919 staturam,
210 1852 246 1905 ali
268 1853 319 1906 hoo
343 1852 415 1906 vires
438 1868 591 1921 nervosque
614 1852 769 1906 confirmari
788 1855 896 1920 putant

49 1929 128 1982 Intra
140 1945 240 1983 annum
256 1945 321 1983 vero
332 1928 489 1982 vicesimum
500 1928 619 1983 feminae
630 1928 756 1982 notitiam
768 1927 897 1982 habuisse

47 2004 77 2058 in
85 2004 249 2073 turpissimis
258 2004 464 2060 habentrebus:
476 2004 554 2073 cujus
561 2006 601 2058 rei
610 2004 684 2058 nulla
693 2003 900 2071 estoccultatio,'

49 2080 124 2149 quod
139 2084 168 2134 et
184 2081 336 2149 promiscue
347 2081 376 2154 in
387 2079 544 2134 fluminibus
555 2080 727 2149 perluuntur,
740 2082 769 2133 et
780 2078 898 2147 pellibus

49 2158 98 2210 aut
108 2157 200 2226 parvis
213 2155 515 2223 renonumtegimcntis
530 2157 649 2209 utuntur
660 2171 760 2223 magna
775 2154 898 2224 eorporis
962 2183 969 2203 .

49 2235 128 2300 parte
141 2231 221 2285 nuda

101 2311 142 2361 22.
178 2307 371 2375 Agriculturae
380 2324 434 2362 non
442 2307 557 2363 student
564 2308 897 2377 ;majorqueparseorum

50 2383 137 2437 victus
154 2384 183 2436 in
199 2384 276 2449 lacte,
289 2399 375 2448 caseo,
388 2400 469 2438 carne
486 2384 625 2438 consistit:
644 2398 734 2452 neque
752 2382 899 2451 quisquam

50 2459 109 2527 agri
121 2459 233 2512 modum
244 2461 350 2513 certum
361 2462 409 2514 aut
422 2459 490 2513 iines
501 2459 586 2514 habet
598 2460 730 2528 proprios,
740 2457 791 2513 sed
801 2457 900 2525 magis-

50 2535 140 2598 tratas
156 2550 189 2587 ac
206 2533 343 2602 principes
360 2534 389 2588 in
407 2550 493 2590 annos
512 2534 633 2601 singulos
650 2534 779 2602 gentibus
801 2548 900 2601 cogna-

49 2608 224 2677 tionibusque
236 2608 384 2678 hominum,
396 2610 444 2677 qui
455 2626 510 2663 nna
521 2609 653 2675 coierunt,
663 2607 799 2679 quantuni
807 2612 836 2663 et
845 2623 900 2677 quo

50 2684 109 2740 loco
132 2684 220 2738 visum
243 2686 287 2738 est
310 2675 558 2753 agri'attribuunt,
576 2687 660 2753 atque
678 2700 748 2737 anno
765 2686 829 2752 post
846 2683 901 2737 alio

50 2759 168 2812 transire
179 2762 287 2826 cogunt.
324 2757 393 2829 Ejus
408 2760 450 2814 rei
467 2761 568 2817 multas
587 2759 715 2814 adferunt
733 2777 846 2814 causas:
864 2775 902 2813 ne

51 2832 162 2886 assidua
173 2835 371 2891 consuetudine
386 2836 460 2904 capti
476 2836 599 2890 studium
614 2835 680 2889 belli
695 2835 812 2904 gerundi
830 2835 902 2904 agri-

51 2905 159 2960 cultura
170 2912 354 2976 commutent3
372 2926 408 2964 ne
419 2910 490 2965 latos
506 2912 575 2965 fines
592 2927 689 2980 parare
706 2911 838 2967 studeant
854 2927 903 2981 po

51 2980 240 3049 tentioresque
262 2983 420 3038 humiliores
448 2987 665 3055 possessionibus
689 2988 843 3056 expellant;
867 3003 903 3043 ne

52 3054 204 3107 accuratius
214 3055 252 3109 ad
268 3057 371 3125 frigora
386 3063 472 3131 atque
487 3064 579 3116 aestus
595 3062 722 3117 vitandos
739 3063 904 3130 aedificent3
