<?xml version="1.0" encoding="UTF-8"?>
<!DOCTYPE html PUBLIC "-//W3C//DTD XHTML 1.0 Transitional//EN"
    "http://www.w3.org/TR/xhtml1/DTD/xhtml1-transitional.dtd">
<html xmlns="http://www.w3.org/1999/xhtml" xml:lang="en" lang="en">
 <head>
  <title>
</title>
<meta http-equiv="Content-Type" content="text/html;charset=utf-8" />
  <meta name='ocr-system' content='tesseract 3.04.00' />
  <meta name='ocr-capabilities' content='ocr_page ocr_carea ocr_par ocr_line ocrx_word'/>
</head>
<body>
  <div class='ocr_page' id='page_1' title='image "./cjuliicaesarisc00longgoog_0180.png"; bbox 0 0 2175 3409; ppageno 0'>
   <div class='ocr_carea' id='block_1_1' title="bbox 114 109 714 167">
    <p class='ocr_par' dir='ltr' id='par_1_1' title="bbox 114 109 714 167">
     <span class='ocr_line' id='line_1_1' title="bbox 114 109 714 167; baseline -0.013 -2"><span class='ocrx_word' id='word_1_1' title='bbox 114 117 162 167; x_wconf 84' lang='lat'><strong>170</strong></span> <span class='ocrx_word' id='word_1_2' title='bbox 370 115 398 162; x_wconf 80' lang='lat'><strong>0.</strong></span> <span class='ocrx_word' id='word_1_3' title='bbox 416 110 518 161; x_wconf 77' lang='lat' dir='ltr'>JULII</span> <span class='ocrx_word' id='word_1_4' title='bbox 535 109 714 159; x_wconf 78' lang='lat' dir='ltr'>CAESARIS</span> 
     </span>
    </p>
   </div>
   <div class='ocr_carea' id='block_1_2' title="bbox 112 189 1070 265">
    <p class='ocr_par' dir='ltr' id='par_1_2' title="bbox 112 189 1070 265">
     <span class='ocr_line' id='line_1_2' title="bbox 112 189 1070 265; baseline -0.004 -16"><span class='ocrx_word' id='word_1_5' title='bbox 112 212 168 265; x_wconf 90' lang='lat' dir='ltr'><strong>qua</strong></span> <span class='ocrx_word' id='word_1_6' title='bbox 183 194 389 263; x_wconf 88' lang='lat' dir='ltr'><strong>impedimenta.</strong></span> <span class='ocrx_word' id='word_1_7' title='bbox 424 192 548 258; x_wconf 84' lang='lat' dir='ltr'><strong>Quorum</strong></span> <span class='ocrx_word' id='word_1_8' title='bbox 569 189 762 260; x_wconf 83' lang='lat' dir='ltr'><strong>perturbatum</strong></span> <span class='ocrx_word' id='word_1_9' title='bbox 779 193 809 244; x_wconf 93' lang='lat' dir='ltr'><strong>et</strong></span> <span class='ocrx_word' id='word_1_10' title='bbox 826 191 972 246; x_wconf 84' lang='lat' dir='ltr'><strong>confusum</strong></span> <span class='ocrx_word' id='word_1_11' title='bbox 1069 247 1070 256; x_wconf 54' lang='grc'>,</span> 
     </span>
    </p>
   </div>
   <div class='ocr_carea' id='block_1_3' title="bbox 107 267 972 1709">
    <p class='ocr_par' dir='ltr' id='par_1_3' title="bbox 107 267 972 1709">
     <span class='ocr_line' id='line_1_3' title="bbox 112 267 972 340; baseline -0.005 -14"><span class='ocrx_word' id='word_1_12' title='bbox 112 273 179 326; x_wconf 90' lang='lat' dir='ltr'><strong>dum</strong></span> <span class='ocrx_word' id='word_1_13' title='bbox 192 271 329 340; x_wconf 84' lang='lat' dir='ltr'><strong>explicant</strong></span> <span class='ocrx_word' id='word_1_14' title='bbox 341 283 447 338; x_wconf 68' lang='lat' dir='ltr'><strong>agmen,</strong></span> <span class='ocrx_word' id='word_1_15' title='bbox 460 285 561 336; x_wconf 83' lang='lat' dir='ltr'><strong>magna</strong></span> <span class='ocrx_word' id='word_1_16' title='bbox 575 269 649 322; x_wconf 92' lang='lat' dir='ltr'><strong>enim</strong></span> <span class='ocrx_word' id='word_1_17' title='bbox 663 267 813 321; x_wconf 89' lang='lat' dir='ltr'><strong>multitudo</strong></span> <span class='ocrx_word' id='word_1_18' title='bbox 829 283 972 322; x_wconf 88' lang='lat' dir='ltr'><strong>carrorum</strong></span> 
     </span>
     <span class='ocr_line' id='line_1_4' title="bbox 111 343 972 415; baseline -0.006 -13"><span class='ocrx_word' id='word_1_19' title='bbox 111 348 196 402; x_wconf 89' lang='lat' dir='ltr'><strong>etiam</strong></span> <span class='ocrx_word' id='word_1_20' title='bbox 218 345 363 415; x_wconf 83' lang='lat' dir='ltr'><strong>expeditos</strong></span> <span class='ocrx_word' id='word_1_21' title='bbox 384 345 463 413; x_wconf 91' lang='lat' dir='ltr'><strong>sequi</strong></span> <span class='ocrx_word' id='word_1_22' title='bbox 484 345 578 399; x_wconf 79' lang='lat' dir='ltr'><strong>Gallos</strong></span> <span class='ocrx_word' id='word_1_23' title='bbox 596 344 746 410; x_wconf 84' lang='lat' dir='ltr'><strong>consuerit,</strong></span> <span class='ocrx_word' id='word_1_24' title='bbox 765 344 889 412; x_wconf 81' lang='lat' dir='ltr'><strong>oppressi</strong></span> <span class='ocrx_word' id='word_1_25' title='bbox 909 343 972 397; x_wconf 89' lang='lat' dir='ltr'><strong>luce</strong></span> 
     </span>
     <span class='ocr_line' id='line_1_5' title="bbox 111 420 972 492; baseline -0.003 -15"><span class='ocrx_word' id='word_1_26' title='bbox 111 424 196 491; x_wconf 88' lang='lat' dir='ltr'><strong>copiis</strong></span> <span class='ocrx_word' id='word_1_27' title='bbox 207 426 377 476; x_wconf 86' lang='lat' dir='ltr'><strong>armatorum</strong></span> <span class='ocrx_word' id='word_1_28' title='bbox 385 422 444 474; x_wconf 79' lang='lat' dir='ltr'><strong>vias</strong></span> <span class='ocrx_word' id='word_1_29' title='bbox 451 437 502 489; x_wconf 91' lang='lat' dir='ltr'><strong>pro</strong></span> <span class='ocrx_word' id='word_1_30' title='bbox 512 420 569 473; x_wconf 88' lang='lat' dir='ltr'><strong>suis</strong></span> <span class='ocrx_word' id='word_1_31' title='bbox 578 420 719 474; x_wconf 88' lang='lat' dir='ltr'><strong>instruunt</strong></span> <span class='ocrx_word' id='word_1_32' title='bbox 728 420 833 487; x_wconf 85' lang='lat' dir='ltr'><strong>castris,</strong></span> <span class='ocrx_word' id='word_1_33' title='bbox 845 436 881 473; x_wconf 92' lang='lat' dir='ltr'><strong>ne</strong></span> <span class='ocrx_word' id='word_1_34' title='bbox 892 421 972 492; x_wconf 89' lang='lat' dir='ltr'><strong>prius</strong></span> 
     </span>
     <span class='ocr_line' id='line_1_6' title="bbox 112 495 971 567; baseline -0.002 -16"><span class='ocrx_word' id='word_1_35' title='bbox 112 499 227 566; x_wconf 76' lang='lat' dir='ltr'><strong>Romam</strong></span> <span class='ocrx_word' id='word_1_36' title='bbox 237 498 366 567; x_wconf 73' lang='lat' dir='ltr'>persequi</span> <span class='ocrx_word' id='word_1_37' title='bbox 379 514 410 552; x_wconf 87' lang='lat' dir='ltr'><strong>ss</strong></span> <span class='ocrx_word' id='word_1_38' title='bbox 421 497 575 565; x_wconf 81' lang='lat' dir='ltr'>inciperent</span> <span class='ocrx_word' id='word_1_39' title='bbox 587 513 670 566; x_wconf 91' lang='lat' dir='ltr'><strong>quam</strong></span> <span class='ocrx_word' id='word_1_40' title='bbox 685 495 793 562; x_wconf 83' lang='lat' dir='ltr'><strong>longius</strong></span> <span class='ocrx_word' id='word_1_41' title='bbox 802 512 904 564; x_wconf 85' lang='lat' dir='ltr'><strong>agmen</strong></span> <span class='ocrx_word' id='word_1_42' title='bbox 919 496 971 549; x_wconf 89' lang='lat' dir='ltr'><strong>im-</strong></span> 
     </span>
     <span class='ocr_line' id='line_1_7' title="bbox 111 572 972 643; baseline -0.002 -16"><span class='ocrx_word' id='word_1_43' title='bbox 111 574 331 643; x_wconf 86' lang='lat' dir='ltr'><strong>pedimentorum</strong></span> <span class='ocrx_word' id='word_1_44' title='bbox 352 590 463 628; x_wconf 90' lang='lat' dir='ltr'><strong>suorum</strong></span> <span class='ocrx_word' id='word_1_45' title='bbox 483 573 671 643; x_wconf 80' lang='lat' dir='ltr'><strong>processisset.</strong></span> <span class='ocrx_word' id='word_1_46' title='bbox 689 619 692 625; x_wconf 87' lang='lat'><em>.</em></span> <span class='ocrx_word' id='word_1_47' title='bbox 707 572 750 625; x_wconf 87' lang='lat' dir='ltr'><strong>At</strong></span> <span class='ocrx_word' id='word_1_48' title='bbox 762 572 863 627; x_wconf 81' lang='lat' dir='ltr'><strong>Caesar</strong></span> <span class='ocrx_word' id='word_1_49' title='bbox 880 588 972 640; x_wconf 91' lang='lat' dir='ltr'><strong>neque</strong></span> 
     </span>
     <span class='ocr_line' id='line_1_8' title="bbox 111 648 971 718; baseline 0 -16"><span class='ocrx_word' id='word_1_50' title='bbox 111 650 273 704; x_wconf 80' lang='lat' dir='ltr'><strong>resistentes</strong></span> <span class='ocrx_word' id='word_1_51' title='bbox 291 648 514 717; x_wconf 78' lang='lat' dir='ltr'><strong>aggrediund0s[,</strong></span> <span class='ocrx_word' id='word_1_52' title='bbox 531 665 622 718; x_wconf 87' lang='lat' dir='ltr'><strong>neque</strong></span> <span class='ocrx_word' id='word_1_53' title='bbox 640 648 782 718; x_wconf 84' lang='lat' dir='ltr'><strong>cedentes]</strong></span> <span class='ocrx_word' id='word_1_54' title='bbox 799 651 877 702; x_wconf 88' lang='lat' dir='ltr'><strong>tanto</strong></span> <span class='ocrx_word' id='word_1_55' title='bbox 895 649 971 703; x_wconf 84' lang='lat' dir='ltr'><strong>collis</strong></span> 
     </span>
     <span class='ocr_line' id='line_1_9' title="bbox 111 724 971 796; baseline -0.002 -16"><span class='ocrx_word' id='word_1_56' title='bbox 111 742 225 780; x_wconf 87' lang='lat' dir='ltr'><strong>ascensu</strong></span> <span class='ocrx_word' id='word_1_57' title='bbox 248 724 616 796; x_wconf 63' lang='lat' dir='ltr'><strong>[lacessendosljudicabat</strong></span> <span class='ocrx_word' id='word_1_58' title='bbox 635 741 725 794; x_wconf 90' lang='lat' dir='ltr'><strong>neque</strong></span> <span class='ocrx_word' id='word_1_59' title='bbox 748 741 803 778; x_wconf 88' lang='lat' dir='ltr'><strong>non</strong></span> <span class='ocrx_word' id='word_1_60' title='bbox 825 741 913 793; x_wconf 88' lang='lat' dir='ltr'><strong>usque</strong></span> <span class='ocrx_word' id='word_1_61' title='bbox 937 741 971 778; x_wconf 92' lang='lat' dir='ltr'><strong>eo</strong></span> 
     </span>
     <span class='ocr_line' id='line_1_10' title="bbox 110 800 971 869; baseline -0.002 -14"><span class='ocrx_word' id='word_1_62' title='bbox 110 801 232 869; x_wconf 72' lang='lat' dir='ltr'><strong>legiones</strong></span> <span class='ocrx_word' id='word_1_63' title='bbox 241 802 426 858; x_wconf 84' lang='lat' dir='ltr'><strong>admovendas</strong></span> <span class='ocrx_word' id='word_1_64' title='bbox 435 805 468 856; x_wconf 92' lang='lat' dir='ltr'><strong>nt</strong></span> <span class='ocrx_word' id='word_1_65' title='bbox 477 801 620 855; x_wconf 83' lang='lat' dir='ltr'><strong>discedere</strong></span> <span class='ocrx_word' id='word_1_66' title='bbox 630 818 664 855; x_wconf 90' lang='lat' dir='ltr'><strong>cx</strong></span> <span class='ocrx_word' id='word_1_67' title='bbox 674 801 773 855; x_wconf 89' lang='lat' dir='ltr'><strong>eoloco</strong></span> <span class='ocrx_word' id='word_1_68' title='bbox 782 802 840 854; x_wconf 87' lang='lat' dir='ltr'><strong>sine</strong></span> <span class='ocrx_word' id='word_1_69' title='bbox 849 800 971 869; x_wconf 89' lang='lat' dir='ltr'><strong>periculo</strong></span> 
     </span>
     <span class='ocr_line' id='line_1_11' title="bbox 111 877 969 946; baseline -0.001 -15"><span class='ocrx_word' id='word_1_70' title='bbox 111 877 374 934; x_wconf 84' lang='lat' dir='ltr'><strong>barbarimilitibus</strong></span> <span class='ocrx_word' id='word_1_71' title='bbox 395 878 564 933; x_wconf 86' lang='lat' dir='ltr'><strong>instantibus</strong></span> <span class='ocrx_word' id='word_1_72' title='bbox 585 895 640 931; x_wconf 89' lang='lat' dir='ltr'><strong>non</strong></span> <span class='ocrx_word' id='word_1_73' title='bbox 660 880 780 946; x_wconf 90' lang='lat' dir='ltr'><strong>possent.</strong></span> <span class='ocrx_word' id='word_1_74' title='bbox 818 878 872 932; x_wconf 73' lang='lat' dir='ltr'><strong>lta,</strong></span> <span class='ocrx_word' id='word_1_75' title='bbox 883 893 969 946; x_wconf 88' lang='lat' dir='ltr'><strong>quum</strong></span> 
     </span>
     <span class='ocr_line' id='line_1_12' title="bbox 111 952 970 1024; baseline -0.001 -17"><span class='ocrx_word' id='word_1_76' title='bbox 111 953 211 1023; x_wconf 87' lang='lat' dir='ltr'><strong>palude</strong></span> <span class='ocrx_word' id='word_1_77' title='bbox 221 955 484 1024; x_wconf 87' lang='lat' dir='ltr'><strong>impeditaacastris</strong></span> <span class='ocrx_word' id='word_1_78' title='bbox 492 959 585 1008; x_wconf 84' lang='lat' dir='ltr'><strong>castra</strong></span> <span class='ocrx_word' id='word_1_79' title='bbox 594 952 792 1018; x_wconf 85' lang='lat' dir='ltr'><strong>dividerentur,</strong></span> <span class='ocrx_word' id='word_1_80' title='bbox 800 969 871 1023; x_wconf 87' lang='lat' dir='ltr'><strong>quae</strong></span> <span class='ocrx_word' id='word_1_81' title='bbox 880 956 970 1006; x_wconf 89' lang='lat' dir='ltr'><strong>trans-</strong></span> 
     </span>
     <span class='ocr_line' id='line_1_13' title="bbox 112 1026 968 1099; baseline -0.001 -16"><span class='ocrx_word' id='word_1_82' title='bbox 112 1029 195 1084; x_wconf 93' lang='lat' dir='ltr'><strong>eundi</strong></span> <span class='ocrx_word' id='word_1_83' title='bbox 213 1026 359 1085; x_wconf 86' lang='lat' dir='ltr'><strong>difficultas</strong></span> <span class='ocrx_word' id='word_1_84' title='bbox 375 1030 546 1084; x_wconf 86' lang='lat' dir='ltr'><strong>celeritatem</strong></span> <span class='ocrx_word' id='word_1_85' title='bbox 560 1027 723 1098; x_wconf 89' lang='lat' dir='ltr'><strong>insequendi</strong></span> <span class='ocrx_word' id='word_1_86' title='bbox 736 1028 850 1082; x_wconf 83' lang='lat' dir='ltr'><strong>tardare</strong></span> <span class='ocrx_word' id='word_1_87' title='bbox 867 1031 968 1099; x_wconf 87' lang='lat' dir='ltr'><strong>posset,</strong></span> 
     </span>
     <span class='ocr_line' id='line_1_14' title="bbox 111 1104 970 1175; baseline -0.002 -16"><span class='ocrx_word' id='word_1_88' title='bbox 111 1110 197 1175; x_wconf 87' lang='lat' dir='ltr'><strong>atque</strong></span> <span class='ocrx_word' id='word_1_89' title='bbox 209 1106 239 1160; x_wconf 86' lang='lat' dir='ltr'><strong>id</strong></span> <span class='ocrx_word' id='word_1_90' title='bbox 249 1104 356 1175; x_wconf 84' lang='lat' dir='ltr'><strong>jugum,</strong></span> <span class='ocrx_word' id='word_1_91' title='bbox 369 1106 444 1175; x_wconf 92' lang='lat' dir='ltr'><strong>quod</strong></span> <span class='ocrx_word' id='word_1_92' title='bbox 457 1109 535 1160; x_wconf 86' lang='lat' dir='ltr'><strong>trans</strong></span> <span class='ocrx_word' id='word_1_93' title='bbox 551 1105 681 1174; x_wconf 79' lang='lat' dir='ltr'><strong>paludem</strong></span> <span class='ocrx_word' id='word_1_94' title='bbox 695 1120 784 1173; x_wconf 89' lang='lat' dir='ltr'><strong>paene</strong></span> <span class='ocrx_word' id='word_1_95' title='bbox 799 1104 837 1158; x_wconf 86' lang='lat' dir='ltr'><strong>ad</strong></span> <span class='ocrx_word' id='word_1_96' title='bbox 849 1104 970 1158; x_wconf 88' lang='lat' dir='ltr'><strong>hostium</strong></span> 
     </span>
     <span class='ocr_line' id='line_1_15' title="bbox 111 1180 970 1252; baseline -0.002 -17"><span class='ocrx_word' id='word_1_97' title='bbox 111 1185 203 1236; x_wconf 83' lang='lat' dir='ltr'><strong>eastra</strong></span> <span class='ocrx_word' id='word_1_98' title='bbox 220 1184 381 1252; x_wconf 84' lang='lat' dir='ltr'><strong>pertineret,</strong></span> <span class='ocrx_word' id='word_1_99' title='bbox 397 1181 528 1236; x_wconf 90' lang='lat' dir='ltr'><strong>mediocri</strong></span> <span class='ocrx_word' id='word_1_100' title='bbox 543 1182 647 1235; x_wconf 87' lang='lat' dir='ltr'><strong>vallea</strong></span> <span class='ocrx_word' id='word_1_101' title='bbox 661 1180 759 1234; x_wconf 84' lang='lat' dir='ltr'><strong>castris</strong></span> <span class='ocrx_word' id='word_1_102' title='bbox 775 1196 870 1233; x_wconf 89' lang='lat' dir='ltr'><strong>eorum</strong></span> <span class='ocrx_word' id='word_1_103' title='bbox 885 1181 970 1234; x_wconf 89' lang='lat' dir='ltr'><strong>inter-</strong></span> 
     </span>
     <span class='ocr_line' id='line_1_16' title="bbox 111 1256 972 1327; baseline 0 -16"><span class='ocrx_word' id='word_1_104' title='bbox 111 1259 198 1312; x_wconf 86' lang='lat' dir='ltr'><strong>cisum</strong></span> <span class='ocrx_word' id='word_1_105' title='bbox 221 1259 342 1313; x_wconf 89' lang='lat' dir='ltr'><strong>animum</strong></span> <span class='ocrx_word' id='word_1_106' title='bbox 366 1258 533 1326; x_wconf 83' lang='lat' dir='ltr'><strong>adverteret,</strong></span> <span class='ocrx_word' id='word_1_107' title='bbox 552 1257 683 1327; x_wconf 90' lang='lat' dir='ltr'><strong>pontibus</strong></span> <span class='ocrx_word' id='word_1_108' title='bbox 705 1256 808 1324; x_wconf 89' lang='lat' dir='ltr'><strong>palude</strong></span> <span class='ocrx_word' id='word_1_109' title='bbox 831 1260 972 1312; x_wconf 85' lang='lat' dir='ltr'><strong>constrata</strong></span> 
     </span>
     <span class='ocr_line' id='line_1_17' title="bbox 111 1332 970 1402; baseline 0 -16"><span class='ocrx_word' id='word_1_110' title='bbox 111 1333 233 1402; x_wconf 86' lang='lat' dir='ltr'><strong>legiones</strong></span> <span class='ocrx_word' id='word_1_111' title='bbox 251 1333 407 1390; x_wconf 84' lang='lat' dir='ltr'><strong>transducit</strong></span> <span class='ocrx_word' id='word_1_112' title='bbox 424 1334 608 1402; x_wconf 86' lang='lat' dir='ltr'><strong>celeriterque</strong></span> <span class='ocrx_word' id='word_1_113' title='bbox 625 1334 654 1386; x_wconf 93' lang='lat' dir='ltr'><strong>in</strong></span> <span class='ocrx_word' id='word_1_114' title='bbox 673 1348 807 1387; x_wconf 88' lang='lat' dir='ltr'><strong>summam</strong></span> <span class='ocrx_word' id='word_1_115' title='bbox 827 1332 970 1402; x_wconf 87' lang='lat' dir='ltr'><strong>planitiem</strong></span> 
     </span>
     <span class='ocr_line' id='line_1_18' title="bbox 107 1407 971 1479; baseline -0.002 -15"><span class='ocrx_word' id='word_1_116' title='bbox 107 1408 170 1478; x_wconf 83' lang='lat' dir='ltr'><strong>jugi</strong></span> <span class='ocrx_word' id='word_1_117' title='bbox 187 1411 320 1479; x_wconf 80' lang='lat' dir='ltr'><strong>pervenit,</strong></span> <span class='ocrx_word' id='word_1_118' title='bbox 335 1426 406 1477; x_wconf 86' lang='lat' dir='ltr'><strong>quae</strong></span> <span class='ocrx_word' id='word_1_119' title='bbox 424 1409 522 1463; x_wconf 84' lang='lat' dir='ltr'><strong>declivi</strong></span> <span class='ocrx_word' id='word_1_120' title='bbox 537 1409 648 1477; x_wconf 81' lang='lat' dir='ltr'><strong>fastigio</strong></span> <span class='ocrx_word' id='word_1_121' title='bbox 663 1407 770 1461; x_wconf 91' lang='lat' dir='ltr'><strong>duobus</strong></span> <span class='ocrx_word' id='word_1_122' title='bbox 786 1408 821 1462; x_wconf 87' lang='lat' dir='ltr'><strong>ab</strong></span> <span class='ocrx_word' id='word_1_123' title='bbox 836 1409 971 1463; x_wconf 84' lang='lat' dir='ltr'><strong>lateribus</strong></span> 
     </span>
     <span class='ocr_line' id='line_1_19' title="bbox 111 1484 971 1554; baseline -0.001 -15"><span class='ocrx_word' id='word_1_124' title='bbox 111 1486 293 1541; x_wconf 81' lang='lat' dir='ltr'><strong>muniebatur.</strong></span> <span class='ocrx_word' id='word_1_125' title='bbox 325 1486 368 1539; x_wconf 93' lang='lat' dir='ltr'><strong>lbi</strong></span> <span class='ocrx_word' id='word_1_126' title='bbox 381 1485 864 1554; x_wconf 83' lang='lat' dir='ltr'><strong>legionibusinstructisadultimum</strong></span> <span class='ocrx_word' id='word_1_127' title='bbox 870 1484 971 1554; x_wconf 77' lang='lat' dir='ltr'><strong>jugum</strong></span> 
     </span>
     <span class='ocr_line' id='line_1_20' title="bbox 111 1561 971 1630; baseline 0.001 -16"><span class='ocrx_word' id='word_1_128' title='bbox 111 1562 246 1630; x_wconf 87' lang='lat' dir='ltr'><strong>pervenit,</strong></span> <span class='ocrx_word' id='word_1_129' title='bbox 266 1563 409 1629; x_wconf 83' lang='lat' dir='ltr'><strong>aciemque</strong></span> <span class='ocrx_word' id='word_1_130' title='bbox 432 1578 465 1615; x_wconf 90' lang='lat' dir='ltr'><strong>eo</strong></span> <span class='ocrx_word' id='word_1_131' title='bbox 488 1561 548 1616; x_wconf 92' lang='lat' dir='ltr'><strong>loco</strong></span> <span class='ocrx_word' id='word_1_132' title='bbox 571 1563 715 1618; x_wconf 85' lang='lat' dir='ltr'><strong>constituit</strong></span> <span class='ocrx_word' id='word_1_133' title='bbox 732 1562 809 1617; x_wconf 85' lang='lat' dir='ltr'><strong>unde</strong></span> <span class='ocrx_word' id='word_1_134' title='bbox 832 1564 971 1615; x_wconf 88' lang='lat' dir='ltr'><strong>tormento</strong></span> 
     </span>
     <span class='ocr_line' id='line_1_21' title="bbox 111 1637 785 1709; baseline 0.003 -20"><span class='ocrx_word' id='word_1_135' title='bbox 111 1637 195 1690; x_wconf 89' lang='lat' dir='ltr'><strong>missa</strong></span> <span class='ocrx_word' id='word_1_136' title='bbox 205 1637 262 1691; x_wconf 84' lang='lat' dir='ltr'><strong>tela</strong></span> <span class='ocrx_word' id='word_1_137' title='bbox 272 1638 300 1691; x_wconf 93' lang='lat' dir='ltr'><strong>in</strong></span> <span class='ocrx_word' id='word_1_138' title='bbox 312 1637 432 1691; x_wconf 89' lang='lat' dir='ltr'><strong>hostium</strong></span> <span class='ocrx_word' id='word_1_139' title='bbox 444 1653 544 1691; x_wconf 91' lang='lat' dir='ltr'><strong>cuneos</strong></span> <span class='ocrx_word' id='word_1_140' title='bbox 556 1637 654 1706; x_wconf 89' lang='lat' dir='ltr'><strong>conjici</strong></span> <span class='ocrx_word' id='word_1_141' title='bbox 665 1641 785 1709; x_wconf 82' lang='lat' dir='ltr'><strong>possent</strong></span> 
     </span>
    </p>
   </div>
   <div class='ocr_carea' id='block_1_4' title="bbox 166 1711 1070 1784">
    <p class='ocr_par' dir='ltr' id='par_1_4' title="bbox 166 1711 1070 1784">
     <span class='ocr_line' id='line_1_22' title="bbox 166 1711 1070 1784; baseline -0.001 -19"><span class='ocrx_word' id='word_1_142' title='bbox 166 1718 206 1767; x_wconf 84' lang='lat'><strong>15.</strong></span> <span class='ocrx_word' id='word_1_143' title='bbox 242 1711 360 1767; x_wconf 86' lang='lat' dir='ltr'><strong>Barbari</strong></span> <span class='ocrx_word' id='word_1_144' title='bbox 375 1713 470 1767; x_wconf 86' lang='lat' dir='ltr'><strong>contisi</strong></span> <span class='ocrx_word' id='word_1_145' title='bbox 486 1714 539 1768; x_wconf 89' lang='lat' dir='ltr'><strong>loci</strong></span> <span class='ocrx_word' id='word_1_146' title='bbox 554 1717 655 1768; x_wconf 88' lang='lat' dir='ltr'><strong>natura</strong></span> <span class='ocrx_word' id='word_1_147' title='bbox 669 1730 754 1784; x_wconf 87' lang='lat' dir='ltr'><strong>quum</strong></span> <span class='ocrx_word' id='word_1_148' title='bbox 769 1712 901 1768; x_wconf 83' lang='lat' dir='ltr'><strong>dimicare</strong></span> <span class='ocrx_word' id='word_1_149' title='bbox 916 1728 971 1765; x_wconf 91' lang='lat' dir='ltr'><strong>non</strong></span> <span class='ocrx_word' id='word_1_150' title='bbox 1069 1745 1070 1748; x_wconf 56' lang='lat'><em>=</em></span> 
     </span>
    </p>
   </div>
   <div class='ocr_carea' id='block_1_5' title="bbox 109 1789 1023 2468">
    <p class='ocr_par' dir='ltr' id='par_1_5' title="bbox 109 1789 1023 2468">
     <span class='ocr_line' id='line_1_23' title="bbox 111 1789 1023 1857; baseline 0 -16"><span class='ocrx_word' id='word_1_151' title='bbox 111 1794 276 1857; x_wconf 83' lang='lat' dir='ltr'><strong>recusarent,</strong></span> <span class='ocrx_word' id='word_1_152' title='bbox 296 1790 319 1843; x_wconf 91' lang='lat' dir='ltr'><strong>si</strong></span> <span class='ocrx_word' id='word_1_153' title='bbox 337 1789 410 1844; x_wconf 81' lang='lat' dir='ltr'><strong>forte</strong></span> <span class='ocrx_word' id='word_1_154' title='bbox 429 1789 546 1843; x_wconf 81' lang='lat' dir='ltr'><strong>Romani</strong></span> <span class='ocrx_word' id='word_1_155' title='bbox 564 1791 657 1845; x_wconf 90' lang='lat' dir='ltr'><strong>subire</strong></span> <span class='ocrx_word' id='word_1_156' title='bbox 676 1792 774 1845; x_wconf 92' lang='lat' dir='ltr'><strong>collem</strong></span> <span class='ocrx_word' id='word_1_157' title='bbox 797 1792 970 1857; x_wconf 79' lang='lat' dir='ltr'><strong>conarentur,</strong></span> <span class='ocrx_word' id='word_1_158' title='bbox 1016 1789 1023 1802; x_wconf 83' lang='lat'><strong><em>‘</em></strong></span> 
     </span>
     <span class='ocr_line' id='line_1_24' title="bbox 111 1864 972 1935; baseline 0 -17"><span class='ocrx_word' id='word_1_159' title='bbox 111 1864 331 1935; x_wconf 86' lang='lat' dir='ltr'><strong>paullatim[que]</strong></span> <span class='ocrx_word' id='word_1_160' title='bbox 340 1865 432 1933; x_wconf 89' lang='lat' dir='ltr'><strong>copias</strong></span> <span class='ocrx_word' id='word_1_161' title='bbox 444 1864 607 1920; x_wconf 88' lang='lat' dir='ltr'><strong>distributas</strong></span> <span class='ocrx_word' id='word_1_162' title='bbox 619 1866 762 1921; x_wconf 89' lang='lat' dir='ltr'><strong>dimittere</strong></span> <span class='ocrx_word' id='word_1_163' title='bbox 771 1881 825 1919; x_wconf 90' lang='lat' dir='ltr'><strong>non</strong></span> <span class='ocrx_word' id='word_1_164' title='bbox 835 1864 972 1919; x_wconf 88' lang='lat' dir='ltr'><strong>auderent</strong></span> 
     </span>
     <span class='ocr_line' id='line_1_25' title="bbox 110 1940 972 2011; baseline 0.001 -18"><span class='ocrx_word' id='word_1_165' title='bbox 110 1956 147 1993; x_wconf 89' lang='lat' dir='ltr'><strong>ne</strong></span> <span class='ocrx_word' id='word_1_166' title='bbox 159 1940 277 2009; x_wconf 91' lang='lat' dir='ltr'><strong>dispersi</strong></span> <span class='ocrx_word' id='word_1_167' title='bbox 289 1941 526 2010; x_wconf 87' lang='lat' dir='ltr'><strong>perturbarentur,</strong></span> <span class='ocrx_word' id='word_1_168' title='bbox 534 1942 563 1996; x_wconf 91' lang='lat' dir='ltr'><strong>in</strong></span> <span class='ocrx_word' id='word_1_169' title='bbox 575 1941 634 1996; x_wconf 86' lang='lat' dir='ltr'><strong>acie</strong></span> <span class='ocrx_word' id='word_1_170' title='bbox 645 1944 865 2011; x_wconf 85' lang='lat' dir='ltr'><strong>permanserunt.</strong></span> <span class='ocrx_word' id='word_1_171' title='bbox 900 1940 972 2006; x_wconf 87' lang='lat' dir='ltr'><strong>Quo·</strong></span> 
     </span>
     <span class='ocr_line' id='line_1_26' title="bbox 109 2016 971 2086; baseline 0.001 -17"><span class='ocrx_word' id='word_1_172' title='bbox 109 2032 173 2069; x_wconf 81' lang='lat' dir='ltr'><strong>rum</strong></span> <span class='ocrx_word' id='word_1_173' title='bbox 196 2017 346 2085; x_wconf 89' lang='lat' dir='ltr'><strong>pertinacia</strong></span> <span class='ocrx_word' id='word_1_174' title='bbox 369 2018 477 2085; x_wconf 83' lang='lat' dir='ltr'><strong>cognita</strong></span> <span class='ocrx_word' id='word_1_175' title='bbox 501 2018 603 2072; x_wconf 80' lang='lat' dir='ltr'><strong>(laesor</strong></span> <span class='ocrx_word' id='word_1_176' title='bbox 626 2017 724 2086; x_wconf 85' lang='lat' dir='ltr'><strong>viginti</strong></span> <span class='ocrx_word' id='word_1_177' title='bbox 748 2016 907 2071; x_wconf 87' lang='lat' dir='ltr'><strong>cohortibus</strong></span> <span class='ocrx_word' id='word_1_178' title='bbox 930 2016 971 2070; x_wconf 92' lang='lat' dir='ltr'><strong>in-</strong></span> 
     </span>
     <span class='ocr_line' id='line_1_27' title="bbox 113 2092 971 2162; baseline 0.005 -18"><span class='ocrx_word' id='word_1_179' title='bbox 113 2094 226 2149; x_wconf 89' lang='lat' dir='ltr'><strong>structis</strong></span> <span class='ocrx_word' id='word_1_180' title='bbox 243 2095 395 2161; x_wconf 85' lang='lat' dir='ltr'><strong>castrisque</strong></span> <span class='ocrx_word' id='word_1_181' title='bbox 410 2110 444 2147; x_wconf 93' lang='lat' dir='ltr'><strong>eo</strong></span> <span class='ocrx_word' id='word_1_182' title='bbox 459 2093 519 2148; x_wconf 93' lang='lat' dir='ltr'><strong>loco</strong></span> <span class='ocrx_word' id='word_1_183' title='bbox 534 2093 647 2148; x_wconf 88' lang='lat' dir='ltr'><strong>metatis</strong></span> <span class='ocrx_word' id='word_1_184' title='bbox 663 2094 763 2147; x_wconf 90' lang='lat' dir='ltr'><strong>muniri</strong></span> <span class='ocrx_word' id='word_1_185' title='bbox 775 2092 860 2162; x_wconf 90' lang='lat' dir='ltr'><strong>jubet</strong></span> <span class='ocrx_word' id='word_1_186' title='bbox 873 2095 971 2148; x_wconf 88' lang='lat' dir='ltr'><strong>castra.</strong></span> 
     </span>
     <span class='ocr_line' id='line_1_28' title="bbox 113 2168 972 2239; baseline 0.002 -19"><span class='ocrx_word' id='word_1_187' title='bbox 113 2168 398 2239; x_wconf 81' lang='lat' dir='ltr'><strong>Absolutisoperibus</strong></span> <span class='ocrx_word' id='word_1_188' title='bbox 406 2169 529 2237; x_wconf 81' lang='lat' dir='ltr'><strong>legiones</strong></span> <span class='ocrx_word' id='word_1_189' title='bbox 540 2186 591 2238; x_wconf 90' lang='lat' dir='ltr'><strong>pro</strong></span> <span class='ocrx_word' id='word_1_190' title='bbox 600 2169 672 2223; x_wconf 84' lang='lat' dir='ltr'><strong>vallo</strong></span> <span class='ocrx_word' id='word_1_191' title='bbox 683 2170 832 2224; x_wconf 86' lang='lat' dir='ltr'><strong>instructas</strong></span> <span class='ocrx_word' id='word_1_192' title='bbox 841 2168 972 2233; x_wconf 86' lang='lat' dir='ltr'><strong>oollocat;</strong></span> 
     </span>
     <span class='ocr_line' id='line_1_29' title="bbox 112 2244 974 2315; baseline 0 -18"><span class='ocrx_word' id='word_1_193' title='bbox 112 2246 220 2314; x_wconf 89' lang='lat' dir='ltr'><strong>equites</strong></span> <span class='ocrx_word' id='word_1_194' title='bbox 231 2247 346 2301; x_wconf 80' lang='lat' dir='ltr'><strong>frenatis</strong></span> <span class='ocrx_word' id='word_1_195' title='bbox 358 2245 436 2315; x_wconf 89' lang='lat' dir='ltr'><strong>equis</strong></span> <span class='ocrx_word' id='word_1_196' title='bbox 447 2246 475 2300; x_wconf 91' lang='lat' dir='ltr'><strong>in</strong></span> <span class='ocrx_word' id='word_1_197' title='bbox 488 2245 654 2301; x_wconf 87' lang='lat' dir='ltr'><strong>stationibus</strong></span> <span class='ocrx_word' id='word_1_198' title='bbox 668 2245 797 2315; x_wconf 88' lang='lat' dir='ltr'><strong>disponit.</strong></span> <span class='ocrx_word' id='word_1_199' title='bbox 833 2244 974 2300; x_wconf 85' lang='lat' dir='ltr'><strong>Bellovaci</strong></span> 
     </span>
     <span class='ocr_line' id='line_1_30' title="bbox 112 2321 972 2392; baseline 0.001 -18"><span class='ocrx_word' id='word_1_200' title='bbox 112 2337 197 2388; x_wconf 91' lang='lat' dir='ltr'><strong>quum</strong></span> <span class='ocrx_word' id='word_1_201' title='bbox 210 2321 346 2376; x_wconf 87' lang='lat' dir='ltr'><strong>Romanos</strong></span> <span class='ocrx_word' id='word_1_202' title='bbox 358 2324 393 2375; x_wconf 89' lang='lat' dir='ltr'><strong>ad</strong></span> <span class='ocrx_word' id='word_1_203' title='bbox 406 2322 605 2390; x_wconf 90' lang='lat' dir='ltr'><strong>insequendum</strong></span> <span class='ocrx_word' id='word_1_204' title='bbox 616 2326 728 2392; x_wconf 84' lang='lat' dir='ltr'><strong>paratos</strong></span> <span class='ocrx_word' id='word_1_205' title='bbox 737 2321 872 2389; x_wconf 83' lang='lat' dir='ltr'><strong>viderent,</strong></span> <span class='ocrx_word' id='word_1_206' title='bbox 881 2337 972 2390; x_wconf 91' lang='lat' dir='ltr'><strong>neque</strong></span> 
     </span>
     <span class='ocr_line' id='line_1_31' title="bbox 112 2398 972 2468; baseline -0.001 -17"><span class='ocrx_word' id='word_1_207' title='bbox 112 2401 274 2465; x_wconf 88' lang='lat' dir='ltr'><strong>pernoctare</strong></span> <span class='ocrx_word' id='word_1_208' title='bbox 298 2399 357 2453; x_wconf 89' lang='lat' dir='ltr'><strong>sine</strong></span> <span class='ocrx_word' id='word_1_209' title='bbox 380 2398 501 2467; x_wconf 87' lang='lat' dir='ltr'><strong>periculo</strong></span> <span class='ocrx_word' id='word_1_210' title='bbox 526 2402 576 2452; x_wconf 89' lang='lat' dir='ltr'><strong>aut</strong></span> <span class='ocrx_word' id='word_1_211' title='bbox 599 2398 704 2453; x_wconf 90' lang='lat' dir='ltr'><strong>diutius</strong></span> <span class='ocrx_word' id='word_1_212' title='bbox 726 2414 889 2468; x_wconf 90' lang='lat' dir='ltr'><strong>permanere</strong></span> <span class='ocrx_word' id='word_1_213' title='bbox 913 2398 972 2451; x_wconf 91' lang='lat' dir='ltr'><strong>sine</strong></span> 
     </span>
    </p>
   </div>
   <div class='ocr_carea' id='block_1_6' title="bbox 112 2472 1070 2543">
    <p class='ocr_par' dir='ltr' id='par_1_6' title="bbox 112 2472 1070 2543">
     <span class='ocr_line' id='line_1_32' title="bbox 112 2472 1070 2543; baseline 0.002 -18"><span class='ocrx_word' id='word_1_214' title='bbox 112 2473 225 2527; x_wconf 75' lang='lat' dir='ltr'><strong>cibariisv</strong></span> <span class='ocrx_word' id='word_1_215' title='bbox 235 2474 332 2529; x_wconf 90' lang='lat' dir='ltr'><strong>eodem</strong></span> <span class='ocrx_word' id='word_1_216' title='bbox 344 2475 403 2528; x_wconf 90' lang='lat' dir='ltr'><strong>loco</strong></span> <span class='ocrx_word' id='word_1_217' title='bbox 415 2476 535 2543; x_wconf 88' lang='lat' dir='ltr'><strong>possent,</strong></span> <span class='ocrx_word' id='word_1_218' title='bbox 543 2474 600 2527; x_wconf 86' lang='lat' dir='ltr'><strong>tale</strong></span> <span class='ocrx_word' id='word_1_219' title='bbox 613 2475 754 2528; x_wconf 89' lang='lat' dir='ltr'><strong>consilium</strong></span> <span class='ocrx_word' id='word_1_220' title='bbox 766 2475 809 2528; x_wconf 89' lang='lat' dir='ltr'><strong>sui</strong></span> <span class='ocrx_word' id='word_1_221' title='bbox 820 2472 973 2543; x_wconf 88' lang='lat' dir='ltr'><strong>recipiendi</strong></span> <span class='ocrx_word' id='word_1_222' title='bbox 1069 2489 1070 2512; x_wconf 74' lang='grc'><strong>1</strong></span> 
     </span>
    </p>
   </div>
   <div class='ocr_carea' id='block_1_7' title="bbox 107 2549 996 3140">
    <p class='ocr_par' dir='ltr' id='par_1_7' title="bbox 107 2549 996 3073">
     <span class='ocr_line' id='line_1_33' title="bbox 112 2549 974 2617; baseline 0.001 -15"><span class='ocrx_word' id='word_1_223' title='bbox 112 2549 240 2604; x_wconf 89' lang='lat' dir='ltr'><strong>inierunt.</strong></span> <span class='ocrx_word' id='word_1_224' title='bbox 270 2551 377 2617; x_wconf 83' lang='lat' dir='ltr'><strong>Fasces,</strong></span> <span class='ocrx_word' id='word_1_225' title='bbox 389 2551 431 2605; x_wconf 92' lang='lat' dir='ltr'><strong>nti</strong></span> <span class='ocrx_word' id='word_1_226' title='bbox 445 2550 635 2615; x_wconf 88' lang='lat' dir='ltr'><strong>consederant,</strong></span> <span class='ocrx_word' id='word_1_227' title='bbox 648 2554 863 2605; x_wconf 88' lang='lat' dir='ltr'><strong>stramentorum</strong></span> <span class='ocrx_word' id='word_1_228' title='bbox 875 2566 908 2603; x_wconf 88' lang='lat' dir='ltr'><strong>ac</strong></span> <span class='ocrx_word' id='word_1_229' title='bbox 919 2549 974 2603; x_wconf 87' lang='lat' dir='ltr'><strong>vir-</strong></span> 
     </span>
     <span class='ocr_line' id='line_1_34' title="bbox 112 2626 974 2695; baseline 0.001 -17"><span class='ocrx_word' id='word_1_230' title='bbox 112 2626 258 2694; x_wconf 78' lang='lat' dir='ltr'><strong>gultorum,</strong></span> <span class='ocrx_word' id='word_1_231' title='bbox 283 2642 400 2695; x_wconf 90' lang='lat' dir='ltr'><strong>quorum</strong></span> <span class='ocrx_word' id='word_1_232' title='bbox 424 2642 531 2680; x_wconf 87' lang='lat' dir='ltr'><strong>summa</strong></span> <span class='ocrx_word' id='word_1_233' title='bbox 552 2629 614 2680; x_wconf 92' lang='lat' dir='ltr'><strong>erat</strong></span> <span class='ocrx_word' id='word_1_234' title='bbox 636 2626 665 2679; x_wconf 87' lang='lat' dir='ltr'><strong>in</strong></span> <span class='ocrx_word' id='word_1_235' title='bbox 689 2626 787 2681; x_wconf 84' lang='lat' dir='ltr'><strong>castris</strong></span> <span class='ocrx_word' id='word_1_236' title='bbox 810 2626 896 2695; x_wconf 88' lang='lat' dir='ltr'><strong>copia,</strong></span> <span class='ocrx_word' id='word_1_237' title='bbox 920 2642 974 2695; x_wconf 88' lang='lat' dir='ltr'><strong>per</strong></span> 
     </span>
     <span class='ocr_line' id='line_1_35' title="bbox 107 2701 996 2767; baseline 0.001 -13"><span class='ocrx_word' id='word_1_238' title='bbox 107 2717 209 2754; x_wconf 27' lang='lat' dir='ltr'><strong>*manus</strong></span> <span class='ocrx_word' id='word_1_239' title='bbox 220 2701 294 2756; x_wconf 88' lang='lat' dir='ltr'><strong>inter</strong></span> <span class='ocrx_word' id='word_1_240' title='bbox 305 2718 335 2756; x_wconf 90' lang='lat' dir='ltr'><strong>se</strong></span> <span class='ocrx_word' id='word_1_241' title='bbox 347 2701 466 2756; x_wconf 88' lang='lat' dir='ltr'><strong>traditos</strong></span> <span class='ocrx_word' id='word_1_242' title='bbox 481 2704 547 2755; x_wconf 89' lang='lat' dir='ltr'><strong>ante</strong></span> <span class='ocrx_word' id='word_1_243' title='bbox 558 2702 644 2755; x_wconf 91' lang='lat' dir='ltr'><strong>aciem</strong></span> <span class='ocrx_word' id='word_1_244' title='bbox 658 2702 867 2767; x_wconf 73' lang='lat' dir='ltr'><strong>collocammnt,</strong></span> <span class='ocrx_word' id='word_1_245' title='bbox 880 2704 974 2755; x_wconf 84' lang='lat' dir='ltr'><strong>extre-</strong></span> <span class='ocrx_word' id='word_1_246' title='bbox 992 2708 996 2712; x_wconf 83' lang='grc'><strong>’</strong></span> 
     </span>
     <span class='ocr_line' id='line_1_36' title="bbox 113 2776 973 2847; baseline 0 -18"><span class='ocrx_word' id='word_1_247' title='bbox 113 2793 212 2845; x_wconf 86' lang='lat' dir='ltr'><strong>meque</strong></span> <span class='ocrx_word' id='word_1_248' title='bbox 223 2780 349 2846; x_wconf 91' lang='lat' dir='ltr'><strong>tempore</strong></span> <span class='ocrx_word' id='word_1_249' title='bbox 361 2776 417 2831; x_wconf 91' lang='lat' dir='ltr'><strong>diei</strong></span> <span class='ocrx_word' id='word_1_250' title='bbox 431 2777 508 2845; x_wconf 85' lang='lat' dir='ltr'><strong>signo</strong></span> <span class='ocrx_word' id='word_1_251' title='bbox 522 2777 704 2847; x_wconf 87' lang='lat' dir='ltr'><strong>pronunciato</strong></span> <span class='ocrx_word' id='word_1_252' title='bbox 718 2795 773 2832; x_wconf 92' lang='lat' dir='ltr'><strong>uno</strong></span> <span class='ocrx_word' id='word_1_253' title='bbox 787 2780 913 2846; x_wconf 88' lang='lat' dir='ltr'><strong>tempore</strong></span> <span class='ocrx_word' id='word_1_254' title='bbox 931 2776 973 2829; x_wconf 87' lang='lat' dir='ltr'><strong>in·</strong></span> 
     </span>
     <span class='ocr_line' id='line_1_37' title="bbox 113 2851 974 2922; baseline 0.003 -19"><span class='ocrx_word' id='word_1_255' title='bbox 113 2851 272 2904; x_wconf 89' lang='lat' dir='ltr'><strong>cenderunt.</strong></span> <span class='ocrx_word' id='word_1_256' title='bbox 308 2852 355 2905; x_wconf 87' lang='lat' dir='ltr'><strong>Ita</strong></span> <span class='ocrx_word' id='word_1_257' title='bbox 366 2853 506 2906; x_wconf 88' lang='lat' dir='ltr'><strong>continens</strong></span> <span class='ocrx_word' id='word_1_258' title='bbox 518 2853 629 2906; x_wconf 87' lang='lat' dir='ltr'><strong>flamma</strong></span> <span class='ocrx_word' id='word_1_259' title='bbox 642 2854 734 2922; x_wconf 85' lang='lat' dir='ltr'><strong>copias</strong></span> <span class='ocrx_word' id='word_1_260' title='bbox 748 2869 843 2907; x_wconf 89' lang='lat' dir='ltr'><strong>omnes</strong></span> <span class='ocrx_word' id='word_1_261' title='bbox 857 2855 974 2921; x_wconf 89' lang='lat' dir='ltr'><strong>repente</strong></span> 
     </span>
     <span class='ocr_line' id='line_1_38' title="bbox 107 2927 974 2997; baseline 0.008 -22"><span class='ocrx_word' id='word_1_262' title='bbox 107 2940 130 2975; x_wconf 81' lang='lat' dir='ltr'><strong>a</strong></span> <span class='ocrx_word' id='word_1_263' title='bbox 145 2930 295 2992; x_wconf 88' lang='lat' dir='ltr'><strong>conspectu</strong></span> <span class='ocrx_word' id='word_1_264' title='bbox 309 2927 381 2979; x_wconf 81' lang='lat' dir='ltr'><strong>texit</strong></span> <span class='ocrx_word' id='word_1_265' title='bbox 399 2928 591 2982; x_wconf 86' lang='lat' dir='ltr'><strong>Romanorum.</strong></span> <span class='ocrx_word' id='word_1_266' title='bbox 627 2929 708 2994; x_wconf 81' lang='lat' dir='ltr'><strong>Quod</strong></span> <span class='ocrx_word' id='word_1_267' title='bbox 723 2929 771 2984; x_wconf 91' lang='lat' dir='ltr'><strong>ubi</strong></span> <span class='ocrx_word' id='word_1_268' title='bbox 786 2928 894 2997; x_wconf 87' lang='lat' dir='ltr'><strong>accidit,</strong></span> <span class='ocrx_word' id='word_1_269' title='bbox 910 2928 974 2982; x_wconf 85' lang='lat' dir='ltr'><strong>bar·</strong></span> 
     </span>
     <span class='ocr_line' id='line_1_39' title="bbox 113 2996 701 3073; baseline 0.02 -26"><span class='ocrx_word' id='word_1_270' title='bbox 113 2996 175 3049; x_wconf 88' lang='lat' dir='ltr'><strong>bari</strong></span> <span class='ocrx_word' id='word_1_271' title='bbox 186 2999 424 3055; x_wconf 80' lang='lat' dir='ltr'><strong>vehementissimo</strong></span> <span class='ocrx_word' id='word_1_272' title='bbox 437 3020 520 3056; x_wconf 90' lang='lat' dir='ltr'><strong>eursu</strong></span> <span class='ocrx_word' id='word_1_273' title='bbox 531 3004 701 3073; x_wconf 83' lang='lat' dir='ltr'><strong>refugerunt.</strong></span> 
     </span>
    </p>

    <p class='ocr_par' dir='ltr' id='par_1_8' title="bbox 167 3070 974 3140">
     <span class='ocr_line' id='line_1_40' title="bbox 167 3070 974 3140; baseline 0.015 -19"><span class='ocrx_word' id='word_1_274' title='bbox 167 3075 206 3122; x_wconf 87' lang='lat'><strong>16.</strong></span> <span class='ocrx_word' id='word_1_275' title='bbox 237 3070 557 3140; x_wconf 84' lang='lat' dir='ltr'><strong>Gaesar,etsidisoessum</strong></span> <span class='ocrx_word' id='word_1_276' title='bbox 565 3079 685 3134; x_wconf 88' lang='lat' dir='ltr'><strong>hostium</strong></span> <span class='ocrx_word' id='word_1_277' title='bbox 696 3081 816 3136; x_wconf 89' lang='lat' dir='ltr'><strong>animum</strong></span> <span class='ocrx_word' id='word_1_278' title='bbox 825 3080 974 3135; x_wconf 85' lang='lat' dir='ltr'><strong>advertere</strong></span> 
     </span>
    </p>
   </div>
   <div class='ocr_carea' id='block_1_8' title="bbox 114 3144 974 3225">
    <p class='ocr_par' dir='ltr' id='par_1_9' title="bbox 114 3144 974 3225">
     <span class='ocr_line' id='line_1_41' title="bbox 114 3144 974 3225; baseline 0.037 -38"><span class='ocrx_word' id='word_1_279' title='bbox 114 3153 168 3190; x_wconf 91' lang='lat' dir='ltr'><strong>non</strong></span> <span class='ocrx_word' id='word_1_280' title='bbox 179 3144 290 3206; x_wconf 88' lang='lat' dir='ltr'><strong>poterat</strong></span> <span class='ocrx_word' id='word_1_281' title='bbox 298 3146 432 3203; x_wconf 89' lang='lat' dir='ltr'><strong>incendiis</strong></span> <span class='ocrx_word' id='word_1_282' title='bbox 443 3153 585 3223; x_wconf 85' lang='lat' dir='ltr'><strong>oppositis,</strong></span> <span class='ocrx_word' id='word_1_283' title='bbox 594 3158 688 3210; x_wconf 88' lang='lat' dir='ltr'><strong>tamen</strong></span> <span class='ocrx_word' id='word_1_284' title='bbox 696 3157 727 3210; x_wconf 90' lang='lat' dir='ltr'><strong>id</strong></span> <span class='ocrx_word' id='word_1_285' title='bbox 738 3156 879 3211; x_wconf 86' lang='lat' dir='ltr'><strong>consilium</strong></span> <span class='ocrx_word' id='word_1_286' title='bbox 887 3171 974 3225; x_wconf 78' lang='grc'><strong>(11111111</strong></span> 
     </span>
    </p>
   </div>
   <div class='ocr_carea' id='block_1_9' title="bbox 0 0 1092 3409">
    <p class='ocr_par' dir='ltr' id='par_1_10' title="bbox 0 0 1092 3409">
     <span class='ocr_line' id='line_1_42' title="bbox 0 0 1092 3409; baseline 0 0"><span class='ocrx_word' id='word_1_287' title='bbox 0 0 1092 3409; x_wconf 95' lang='lat' dir='ltr'><strong> </strong></span> 
     </span>
    </p>
   </div>
  </div>
 </body>
</html>
