2175 3409
53 140 86 190 44
224 136 252 184 o.
270 135 371 184 surm
388 135 559 184 55555515
575 109 685 186 menn
700 137 738 187 11.

53 216 183 287 proximis
203 215 331 272 castellis¹
344 232 376 269 eo
397 232 555 270 concursum
574 220 624 282 est,
642 221 849 286 pugnatumque
868 215 905 270 55

54 293 178 348 hostibus
195 292 235 347 ita
251 293 351 348 acriter
369 296 461 347 estut
480 309 497 346 5
515 293 582 347 viris
600 294 717 347 fortibus
735 294 763 347 iu
782 296 906 349 extrema

54 386 102 437 spe
114 368 226 422 salutis
218 369 312 437 miquo
320 367 379 423 loce
387 371 483 422 eontra
492 385 538 423 eos
548 369 640 457 quiex
648 368 720 422 vallo
729 368 905 438 turribusque

53 444 110 499 tela
116 444 244 513 jacerent
255 460 370 512 pugnari
363 443 487 508 debuit,
501 460 585 512 quum
597 445 624 497 in
636 461 692 497 una
702 444 806 498 virtute
818 446 905 500 omnis

54 534 116 586 spes
135 519 230 573 salutis
247 519 416 574 consisteret.
454 518 558 573 Occisis
578 520 615 573 ad
634 520 775 574 hominum
795 515 905 575 milibui

54 598 172 662 quatuor
183 596 300 664 reliqui
292 612 320 649 ι5
332 595 461 664 oppidum
474 612 513 663 reJ
507 595 570 649 ecti
583 600 652 650 sunt
691 596 869 651 Postridie
844 614 905 666 eJus

54 670 108 724 diei
123 672 247 726 refractis
263 671 358 739 postte,
370 688 452 740 quum
466 670 525 739 jam
543 671 705 727 defenderet
722 688 808 738 nemo,
821 677 904 742 atque

53 747 216 801 intromissis
233 747 365 802 militibus
381 747 482 801 nostris
499 748 645 801 sectionem
661 747 722 814 ejus
738 748 830 817 oppidi
845 749 904 802 uni-
971 757 983 774 ⁸

54 839 159 877 versam
178 823 279 878 Caesar
296 823 426 877 vendidit.
463 822 509 876 Ab
527 823 562 876 iis
579 823 627 891 qui
644 826 768 877 emerant
785 825 905 893 capitum

53 915 182 953 numerus
195 900 231 953 ad
242 917 305 954 eum
317 900 420 953 relatus
432 904 476 954 cst
487 899 591 954 milium
604 914 663 954 n111.

106 980 147 1030 34.
183 976 287 1030 Eodem
299 976 494 1045 temporeaP.
508 976 614 1042 Crasso,
627 993 709 1045 quom
722 993 784 1031 cum
797 976 905 1044 legione
1002 999 1009 1020 ν

54 1068 108 1105 uua
123 1052 235 1106 miserat
249 1053 286 1106 ad
301 1050 429 1119 Venetos,
444 1052 566 1119 Unellos,
579 1051 708 1119 Osismos,
721 1052 904 1119 Curiosolitas,

55 1125 189 1192 Sesuvios,
202 1128 342 1195 Aulercos,
356 1128 490 1194 Redones,
503 1144 574 1195 quac
592 1130 664 1182 sunt'
671 1127 824 1184 maritimae
840 1128 904 1182 civi·

54 1205 127 1257 tates
140 1203 331 1271 Oceanumque
343 1204 490 1271 attingunt,
499 1203 600 1256 certior
607 1203 696 1257 iactus
704 1206 747 1257 est
756 1219 849 1257 omnes
857 1219 905 1258 eas

54 1279 180 1333 civitates
200 1281 228 1332 in
249 1278 314 1334 dedi
316 1279 416 1333 tionem
436 1281 657 1347 potestatemque
676 1278 769 1347 populi
788 1278 904 1352 Romani

55 1370 115 1408 esse
126 1355 258 1409 redactas

107 1435 150 1484 35.
186 1431 239 1483 His
251 1431 334 1486 rebus
343 1432 428 1510 gestis
440 1447 513 1483 emm
505 1430 615 1520 Gallia
626 1433 723 1519 pacata
734 1433 811 1484 55555
822 1430 905 1499 hujus

55 1505 120 1559 belli
132 1505 169 1560 ad
180 1505 312 1560 barbaros
324 1507 413 1574 opinio
420 1495 529 1575 pellet
515 1499 586 1566 5555
597 1506 639 1560 555
650 1505 718 1560 ab'
700 1521 734 1559 ns
748 1506 905 1560 nationibus

56 1596 127 1647 quae
148 1585 225 1634 trans
246 1581 373 1636 Rhenum
393 1582 543 1635 incolerent
564 1583 741 1635 mitterentur
761 1581 845 1650 legati
868 1582 906 1636 ad

18 1719 21 1728 .
45 1655 208 1721 -ansarem,
222 1658 269 1725 qui
282 1674 311 1711 se
323 1657 434 1711 obsides
444 1657 563 1724 daturas,
573 1658 708 1726 imperate
718 1657 837 1712 lacunas
848 1659 905 1727 pol-

56 1727 209 1786 licerentur.
247 1734 320 1798 Quas
343 1734 493 1801 legationes
517 1734 625 1798 Caesar,
646 1733 721 1802 quod
743 1734 771 1787 in
795 1733 905 1789 ltaliam

58 1808 250 1876 Illyricumque
272 1807 444 1877 properabat,
463 1810 532 1869 inita
552 1809 675 1878 proxima
695 1812 799 1864 aestate
820 1810 906 1864 adse

57 1883 158 1936 reverti
179 1883 270 1952 jJussit.
306 1885 370 1952 lpse
393 1884 421 1937 in
443 1884 584 1951 Carnutes,
607 1884 703 1939 Andes
724 1885 905 1954 lenonesque,

57 1976 127 2028 quae
138 1959 262 2014 civitates
273 1959 443 2029 propinquae
453 1959 496 2012 his
507 1959 573 2013 locis
585 1963 664 2014 erant
675 1959 722 2013 ubi
733 1960 834 2013 bellum
845 1976 906 2028 ges·

58 2038 132 2089 seret
132 2034 301 2102 l,egionibus
311 2035 339 2088 in
351 2034 524 2088 hibernacula
536 2034 670 2102 deductis,
682 2036 709 2088 in
722 2035 831 2088 Italiam
845 2051 906 2124 pro

57 2112 146 2165 fectus
158 2105 214 2165 cs't:
232 2110 268 2164 ob
280 2126 382 2181 easque
398 2126 442 2164 res
459 2126 494 2164 ex
509 2110 597 2163 literis
613 2105 738 2163 Ueesaris
753 2109 813 2163 dies
829 2111 906 2179 quin-

59 2186 146 2318 deciffi
170 2184 329 2318 sffilicatie
352 2185 530 2243 decretat
487 2188 537 2256 est,
562 2183 637 2257 quod
659 2187 723 2242 aute
745 2184 775 2241 id
797 2188 907 2258 tempus

59 2276 115 2317 acer
136 2261 186 2321 tu
