2175 3409
461 119 572 168 LIBER
589 119 669 170 VIII.
946 127 992 174 183

135 200 220 255 boule
231 201 261 255 et
273 198 305 254 P.
316 197 427 253 Vatinio
436 198 477 268 [et
489 199 520 263 Q.
530 198 629 268 I'rdlio]
638 199 751 267 legatis:
763 200 833 255 duas
841 201 869 255 in
879 203 992 261 Aeduos

134 277 213 331 misit
223 292 339 344 quorum
351 275 380 329 in
392 275 466 329 omni
479 274 569 329 Gallia
583 291 716 329 summam
728 293 789 331 esse
800 280 991 336 auctoritatem

131 352 256 407 sciebat:
268 351 336 405 duas
348 353 376 405 in
389 351 504 405 Turonis
515 351 554 404 nd
566 353 633 406 fines
646 351 797 407 Carnutum
809 355 908 422 posuit,
921 373 991 424 quae

132 444 246 483 omnem
253 427 351 498 [illam]
357 428 496 497 regionem
505 429 678 497 conjunctam
688 429 797 483 Oceano
806 428 990 488 continerent:

133 504 208 559 duas
219 505 339 573 reliquas
350 505 378 558 in
391 504 565 559 Lemovicum
576 505 645 558 fines
657 520 710 558 non
719 505 799 571 longe
811 504 846 558 ab
857 508 990 560 Arvernis

134 596 173 634 ne
192 596 248 650 qua
266 598 331 649 pars
351 580 455 635 Galliae
473 597 559 634 vacua
574 580 610 634 ab
626 581 749 635 exercitu
770 584 850 635 esset
885 582 990 636 Paucos

135 656 199 710 dies
206 658 265 726 ipse
276 657 305 710 in
315 656 456 711 Provincia
464 660 594 725 moratus,
601 674 684 726 quum
694 657 821 711 celeriter
827 674 921 712 omnes
928 675 989 713 con-

135 736 236 786 ventus
253 732 475 801 percucurrisset,
493 731 617 802 publicas
634 733 833 788 controversias
851 734 989 801 cognovis-

134 808 272 875 setheus
287 805 393 862 meritis
409 805 530 877 praemia
542 808 693 875 tribuisset,
711 810 899 877 (cognoscendi
915 810 988 863 enirn

134 885 283 939 maxirnam
296 881 457 939 facultatem
470 884 598 952 habebat,
615 885 689 954 quali
709 884 824 952 quinque
848 886 937 939 animo
960 886 987 939 in

135 976 197 1014 rem
220 961 354 1030 publicam
377 961 474 1015 fuisset
497 960 583 1015 totius
607 961 711 1015 Galliae
729 960 889 1026 defectione,
906 977 987 1028 quam

135 1037 305 1090 sustinuerat
317 1037 450 1091 fidelitate
462 1039 546 1105 atque
558 1037 664 1090 auxiliis
676 1035 832 1090 Provinciae
843 1035 933 1103 illius)
945 1036 987 1092 bis

135 1112 220 1166 rebus
231 1112 361 1167 confectis
373 1113 410 1167 ad
422 1112 542 1180 legiones
553 1112 582 1165 in
594 1112 720 1180 Belgium
736 1128 766 1166 se
781 1110 880 1179 recipit
896 1111 987 1166 hiber-

134 1191 240 1256 natque
251 1188 477 1242 Nemetocennae.

189 1268 230 1320 47.
267 1263 312 1317 Ibi
324 1264 463 1332 cognoscit
476 1260 628 1318 Commium
639 1262 803 1317 Atrebatem
812 1262 915 1332 proelio
924 1280 986 1317 cunr

135 1339 263 1408 equitatu
277 1355 325 1393 suo
342 1339 523 1394 contendisse.
558 1338 630 1391 Num
648 1355 731 1407 quum
748 1340 886 1403 Antonius
901 1340 930 1392 iu
945 1339 987 1393 hi-

135 1413 223 1468 berna
234 1416 354 1469 venisset
369 1415 518 1481 civitasque
532 1413 700 1468 Atrebatum
707 1414 740 1479 ,in
754 1415 840 1469 officio
853 1420 985 1482 maneret,

137 1490 282 1558 Commius,
306 1492 353 1559 qui
376 1494 439 1559 post
462 1489 536 1543 illam
560 1490 774 1545 vulnerationem
798 1508 879 1561 quam
903 1508 986 1561 supra

135 1567 344 1621 commemoravi
357 1582 465 1634 semper
476 1566 512 1619 ad
525 1581 617 1619 onmes
628 1568 719 1620 motus
730 1571 843 1636 paratus
855 1569 911 1621 suis
922 1569 985 1622 civi-

133 1641 188 1695 bus
200 1658 260 1696 esse
272 1645 436 1708 consuesset,
448 1657 483 1695 ne
492 1641 604 1696 consilia
612 1641 678 1696 belli
688 1643 881 1711 quaerentibus
890 1648 985 1698 auctor

134 1733 272 1771 amromnr
285 1719 396 1787 duxque
408 1716 524 1783 deesset,
531 1721 647 1786 parente
659 1718 788 1774 Romanis
801 1720 911 1775 civitate
923 1737 985 1776 curn

135 1793 193 1846 suis
209 1793 348 1861 equitibus
364 1810 394 1847 se
408 1809 528 1871 srrosque
543 1793 692 1847 latrociniis
707 1795 806 1862 alebat,
822 1796 984 1865 infestisque

134 1868 280 1922 itineribus
292 1873 459 1924 commeatus
470 1869 623 1938 complures
635 1869 683 1939 qui
699 1870 941 1939 comportabantur
955 1872 984 1924 in

133 1943 250 1998 hiberna
261 1944 445 1999 Romanorum
456 1944 656 2013 intercipiebat.

189 2025 230 2074 48.
265 2020 334 2075 Erat
362 2020 663 2075 attributusamonio
685 2020 839 2087 praefectus
861 2021 984 2089 equitum

135 2094 166 2149 O.
178 2095 331 2150 Volusenus
347 2096 512 2163 Quadratus,
528 2096 576 2164 qui
595 2112 657 2149 cum
675 2111 708 2149 eo
726 2095 865 2149 hiemaret
903 2097 984 2151 Hune

134 2170 273 2226 Antonius
291 2170 328 2224 ad
344 2171 562 2241 persequendum
579 2170 700 2225 hostium
718 2171 870 2239 equitatum
888 2172 983 2227 mittit.

135 2246 290 2301 Volusenus
301 2251 392 2302 autem
405 2248 515 2301 adeam
525 2248 656 2301 virtutem
668 2263 739 2315 qnae
751 2246 894 2315 singrdarls
905 2248 934 2301 in
950 2265 983 2302 co

132 2324 196 2375 ernt
207 2338 337 2391 magnum
348 2323 441 2377 odium
458 2323 574 2377 Commii
590 2322 766 2390 adjungebat,
783 2339 837 2392 quo
855 2323 982 2378 libentius

134 2396 166 2450 id
176 2397 280 2453 faceret
291 2397 365 2466 quod
377 2398 568 2467 imperabatur.
605 2399 705 2467 Itaque
721 2398 861 2468 dispositis
876 2400 983 2454 insidiis

133 2474 243 2542 saepius
255 2473 315 2543 ejus
327 2476 433 2544 equites
452 2492 596 2544 aggressus
610 2476 730 2529 secunda
743 2476 846 2545 proelia
859 2477 982 2531 faciebat.

135 2548 289 2604 Novissime
301 2567 384 2620 quum
396 2551 583 2606 vehementius
595 2552 815 2620 contenderetur,
827 2569 859 2606 ao
871 2553 983 2607 Voluse-

132 2640 187 2678 nus
209 2624 293 2693 ipsius
310 2627 500 2695 intercipiendi
519 2627 633 2682 Commii
650 2627 801 2697 eupiditate
817 2629 983 2697 pertinacius

132 2715 198 2753 eum
215 2717 276 2754 eum
293 2702 387 2770 paucis
402 2703 541 2757 insecutus
558 2706 639 2770 esset,
654 2704 700 2757 ille
716 2707 808 2757 autem
823 2704 889 2771 fuga
904 2704 983 2757 vehe-

132 2776 220 2830 menti
232 2777 400 2831 Volusenum
414 2778 520 2846 longius
536 2779 717 2847 produxisset,
733 2782 846 2847 repente
862 2780 982 2833 omniurn

135 2865 245 2903 suorum
264 2854 371 2906 invocat
394 2853 477 2907 fidem
496 2857 580 2923 atque
597 2855 735 2921 auxilium,
753 2870 788 2907 ne
805 2870 855 2907 sua
871 2855 983 2907 vulnera

134 2925 249 2994 perfidia
260 2928 423 2997 interposita
433 2933 594 2998 paterentur
606 2929 707 2992 inulta;
718 2945 900 2997 conversoque
912 2945 982 2997 equo

131 3017 165 3054 se
177 3017 194 3054 a
205 3004 305 3056 ceteris
316 3004 450 3058 incautius
461 3005 599 3074 permittit
610 3006 637 3057 in
654 3005 830 3072 praefectum.
866 3004 982 3056 Faciunt

134 3076 208 3130 idem
220 3093 313 3133 omnes
325 3079 385 3148 ejus
400 3081 515 3150 equites,
526 3096 682 3149 paucosque
696 3083 803 3133 uestros
819 3081 981 3133 convertunt

134 3153 411 3224 atquoinsequuntur.
430 3155 567 3210 Commius
575 3156 714 3208 incensum
722 3153 873 3208 calcaribus
881 3170 983 3223 equum

938 3329 1051 3381 „-
