2175 3409
72 111 104 159 90
174 103 181 110 “
331 108 360 156 0.
379 107 482 157 JULII
499 107 673 159 CAESARIS

72 186 206 244 excedant
224 192 255 244 et
270 203 333 243 cum
347 187 509 256 Ambiorige
524 205 579 243 una
594 189 799 260 colloquentem
816 206 927 262 sperare

71 265 108 321 ab
120 281 153 319 eo
165 264 262 319 desua
273 277 305 317 ac
316 262 434 338 militum
450 264 538 318 salute
554 264 704 333 impetrare
719 281 806 335 posse.
843 268 927 324 Cotta

71 340 324 470 xnssigamatm
351 338 458 392 hostem
485 339 590 393 iturum
616 343 700 409 negat
725 344 811 410 atque
836 342 866 396 in
891 351 928 400 ec

123 495 164 549 37.
201 488 319 545 Sabinus
331 463 926 558 quosinpraescntiatribunosmilitumcir·
1032 497 1036 502 ’

71 583 133 621 cum
150 583 181 621 se
204 564 325 620 babebat
341 567 373 619 ct
389 564 540 634 primorum
558 566 685 621 ordinum
705 569 877 623 centuriones
895 586 925 624 sc

72 642 149 711 sequi
165 642 255 710 jubet,
273 645 302 696 et
320 658 405 711 quum
422 639 535 712 propius
553 643 742 711 Ambiorigem
759 644 924 712 accessisset,

67 717 162 785 jussus
177 734 254 772 arma
268 717 389 786 abjicere
406 717 570 786 imperatum
588 718 654 773 iacit
671 718 783 788 suisque
793 721 832 774 ¹ut
849 719 924 774 idem

70 793 172 848 iaciant
183 793 307 862 imperat.
344 792 462 846 Interim
474 791 540 846 dum
553 793 590 847 de
601 792 801 848 conditionibus
810 794 883 848 inter
894 810 925 849 sc

70 873 156 936 agunt
167 869 328 938 longiorque
339 868 464 923 consulto
475 867 511 922 ab
524 867 686 937 Ambiorige
698 869 853 923 instituitur
867 885 924 923 ser-

70 961 123 1010 mo,
135 945 278 1013 paullatim
289 944 489 999 circumventus
500 944 673 999 interficitur.
708 944 778 999 Tum
793 960 859 999 vero
874 960 924 998 suo

70 1036 147 1074 more
159 1021 300 1076 victoriam
311 1020 481 1075 conclamant
496 1024 582 1089 atque
597 1019 733 1074 ululatum
747 1020 856 1086 tollunt,
873 1020 924 1078 im·

10 1141 16 1148 .
69 1100 191 1166 potuque
214 1096 243 1150 in
266 1100 374 1149 nostros
396 1095 470 1150 facte
493 1095 604 1149 ordinas
620 1094 794 1163 perturbant.
829 1094 875 1149 Ibi
892 1095 923 1149 Ia.

71 1172 153 1227 Ootta
164 1188 288 1241 pugnans
303 1170 468 1226 interficitur
483 1186 547 1225 cum
561 1171 681 1224 maxima
695 1173 776 1239 parte
791 1170 924 1236 militum

70 1247 169 1315 reliqui
193 1265 225 1302 se
246 1247 276 1301 in
297 1250 390 1301 castra
411 1246 549 1315 recipiunt
565 1245 640 1299 unde
658 1249 739 1301 erant
753 1247 872 1316 egressi:
888 1262 922 1300 ex

70 1323 171 1391 quibus
194 1324 225 1377 L.
244 1323 414 1377 Petrosidius
431 1321 566 1391 aquilifer,
584 1337 670 1391 quum
686 1337 785 1390 magna
801 1321 924 1375 multitu·

70 1398 134 1453 dine
146 1399 266 1453 hostium
278 1401 458 1467 premeretur,
470 1397 591 1466 aquilam
602 1397 676 1452 intra
686 1397 787 1451 vallum
799 1396 922 1465 projecit,

69 1474 130 1542 ipse
141 1490 191 1542 pro
202 1475 298 1528 castris
309 1473 458 1527 fortissime
468 1490 594 1543 pugnans
606 1472 748 1527 occiditur.
783 1472 829 1526 Illi
840 1487 924 1539 aegre

70 1549 111 1618 sd,
129 1552 237 1604 noctem
260 1548 491 1618 oppugnationem
515 1548 665 1603 sustinent:
683 1551 767 1601 noctu
783 1547 820 1601 ad
837 1563 922 1600 unum

70 1640 164 1679 omnes
186 1625 333 1693 desperata
349 1623 439 1677 salute
456 1639 486 1677 se
503 1622 750 1692 ipsiinterficiunt.
785 1622 868 1676 Pauci
886 1639 923 1677 ex

69 1700 173 1769 proelio
182 1699 266 1769 elapsi
275 1699 387 1754 incertis
394 1699 597 1768 itineribus'per
604 1699 764 1753 silvasad'll.
773 1698 923 1752 Labienum

69 1776 190 1844 legatum
213 1776 243 1830 in
265 1775 380 1832 hiberna
402 1776 567 1844 perveniunt
588 1778 674 1845 atque
696 1790 760 1829 eum
783 1773 923 1829 derebus

69 1852 155 1919 gestis
167 1851 314 1906 certiorem
326 1850 437 1905 iaciunt.

121 1933 163 1983 38.
199 1928 266 1982 Hac'
281 1927 396 1981 victoria
420 1926 544 1982 subletus
567 1925 713 1980 Ambiorix
741 1925 836 1980 statim
858 1940 922 1978 cum

69 2004 196 2072 equitatu
219 2004 249 2057 in
266 2003 435 2071 Aduatucos,
452 2002 501 2071 qui
518 2001 677 2071 crantejus
697 2017 782 2069 regno
804 2000 920 2065 finitimi,

69 2079 265 2148 proficiscitur3
288 2095 379 2148 neque
401 2081 511 2132 noctem
533 2094 624 2147 neque
652 2077 726 2131 diem
752 2076 921 2144 intermittit,

68 2155 278 2224 peditatumque
290 2153 343 2224 [sc]
355 2154 432 2222 sequi
438 2152 528 2222 jubet.
564 2154 607 2207 Ite
622 2153 810 2207 demonstrata
826 2151 921 2205 Adua-

68 2231 193 2300 tucisque
205 2231 469 2300 concitatispostcro
480 2229 526 2283 die
537 2229 567 2282 in
583 2229 699 2283 Nervios
714 2227 840 2297 pervenit
857 2226 921 2280 hor·

68 2311 198 2378 taturque
210 2323 245 2361 ne
257 2301 338 2361 sui'in
349 2309 513 2375 perpetuum
523 2304 658 2359 liberandi
673 2307 758 2372 atque
772 2302 921 2360 rrlciscendi
948 2321 952 2326 ·

69 2383 206 2439 Romanos
228 2400 279 2452 pro
302 2383 345 2436 his
367 2398 437 2450 quas
456 2381 611 2449 acceperint
627 2378 736 2448 injuriis
753 2379 921 2433 occasionem

68 2459 225 2515 dimittant:
249 2459 409 2514 interfectos
431 2473 492 2512 esse
515 2458 622 2526 legatos
645 2456 714 2511 duos
739 2470 921 2523 magnamque

68 2539 175 2602 partem
187 2537 324 2590 exercitus
335 2533 462 2588 interisse
474 2533 660 2598 demonstrat3
671 2530 739 2585 nihil
748 2546 809 2584 esse
816 2529 921 2598 negotii

68 2611 158 2666 subito
174 2627 331 2681 oppressam
348 2609 483 2678 legionem
501 2625 572 2677 quae
590 2624 651 2662 cum
670 2608 802 2661 Cicerone
818 2604 921 2660 hiemet

68 2685 199 2751 interfici;
220 2703 250 2741 sc
266 2683 303 2740 ad
313 2701 375 2740 eam
392 2700 452 2739 rem
467 2684 616 2754 profitetur
630 2681 793 2752 adjutorem
829 2679 921 2733 Facile

67 2760 119 2814 hac
130 2762 253 2817 oratioue
265 2762 375 2816 Nerviis
386 2760 544 2830 persuadet.

119 2833 161 2891 392
197 2838 297 2906 Itaque
308 2837 450 2891 confestim
462 2834 582 2890 drmissis
592 2833 697 2889 nunciis
708 2833 751 2887 ad·
759 2831 920 2895 Ceutrones,

69 2910 195 2978 Grudios,
207 2911 335 2979 Lenaeos,
350 2912 530 2978 Pleumoxios‚
544 2910 691 2978 Geidunos,
703 2909 751 2978 qui
763 2922 857 2961 omncs
868 2904 921 2959 sub

68 3000 162 3038 eorum
177 2987 292 3055 imperio
305 2991 378 3054 sunt,
391 3004 473 3056 quam
489 2987 622 3040 maximas
636 3001 732 3038 manus
747 2983 861 3052 possunt
876 2997 921 3036 co-

68 3062 136 3123 gunt
153 3061 182 3114 et
201 3059 237 3113 de
253 3062 399 3131 improviso
422 3062 459 3116 ad
483 3062 621 3117 Ciceronis
644 3060 759 3114 hiberna
783 3058 920 3124 advolant,

69 3131 189 3186 nondum
200 3133 237 3186 ad
253 3150 318 3190 eum
330 3136 405 3190 fama
420 3135 457 3191 de
475 3136 574 3191 Titurii
591 3139 680 3191 morte
697 3133 813 3204 perlata.
847 3132 922 3186 Huic
