2175 3409
394 149 397 154 ·
480 141 590 192 amna
606 141 656 192 vr.
833 201 837 208 ³
903 201 906 206 ,
954 140 1000 187 noa

151 221 336 280 Germaniam
346 221 494 278 amicitiam
506 224 678 291 cognoverat.
715 221 794 277 Haeo
806 220 883 291 prins
897 218 939 274 illi
953 218 1001 274 de

150 299 286 355 trahenda
305 298 407 354 auxilia
423 297 599 353 existimabat
615 314 697 367 quam
715 298 805 366 ipsum
825 297 898 350 bello
917 296 1002 351 lasea

151 380 241 442 seret3
251 392 287 431 ne
297 376 445 444 'desperata
456 375 545 429 salute
561 377 609 429 aut
623 391 653 428 se
664 374 699 434 ,in
717 374 858 444 Menapios
876 372 1001 440 abderet,

151 455 200 506 aut
216 468 278 506 eum
291 447 506 506 Transrhenanis
519 449 650 519 oongredi
664 453 816 518 cogeretur.
853 447 915 503 Hoo
932 447 1002 502 inito

150 529 261 584 oonsilio
278 527 365 583 totius
381 527 518 582 exereitus
535 525 733 656 impedimenta
750 524 787 579 ad
804 523 956 580 Labienum
973 523 1002 577 in

151 603 277 658 Treviros
305 603 402 672 mittit,
425 602 549 671 duasque
581 602 693 670 egiones
715 601 752 657 ad
777 616 842 656 enm
868 598 1002 669 proficisci

26 663 29 668 ’
146 678 245 748 jubet:
259 679 319 748 ipso
332 695 396 733 cum
409 678 562 747 legionibus
576 677 715 747 expeditis
728 677 850 748 quinque
864 676 894 730 n
908 675 1003 730 mens.

150 755 211 825 pios
222 755 410 825 proficiscitur.
445 752 492 808 Illi
506 752 582 807 nulla
597 757 692 808 coacta
703 769 794 821 manu
805 752 858 806 loei
866 750 1004 822 praesidio

150 830 223 898 freti,
241 830 271 884 iu
293 829 377 884 silvas
399 828 570 900 paludesque
593 828 753 899 ooniugiunt
780 844 885 898 suaque
905 827 1004 883 eodem

150 907 301 961 oonlerunt

202 986 228 1038 6.
252 982 366 1037 Gaesar
385 983 497 1053 partitis
516 983 602 1053 copiis
620 998 683 1038 eum
700 981 730 1037 G.
753 980 840 1037 Fabio
860 981 953 1051 legato
973 982 1004 1035 et

151 1057 191 1113 M.
203 1057 302 1112 Grasso
317 1062 463 1127 quaestore
477 1059 660 1129 eeleriterque
678 1058 784 1114 effectis
798 1057 929 1127 pontibus
943 1056 1004 1112 adit

151 1134 300 1203 tripertito,
323 1133 448 1188 aedilicia
469 1134 598 1203 visosque
620 1133 748 1200 inoendit,
770 1133 872 1202 magno
897 1133 1003 1203 pecoris

151 1212 237 1278 atque
251 1209 391 1263 bominum
411 1226 525 1265 numero
544 1209 658 1279 potitur.
694 1208 799 1274 Quibus
817 1208 900 1263 rebus
917 1208 1003 1262 eoacti

151 1284 273 1353 Menapii
286 1284 392 1353 legatos
405 1284 442 1339 ad
459 1301 522 1340 eum
539 1286 614 1356 pacis
630 1284 768 1355 petendae
783 1300 865 1338 eausa
879 1283 1001 1339 mittunt.

152 1359 206 1414 Ille
224 1359 365 1415 obsidibus
383 1361 502 1430 aoeeptis
522 1360 642 1415 hostium
663 1377 693 1415 se
712 1359 870 1433 habiturum
889 1375 1002 1434 numero

151 1434 302 1504 confimat,
321 1436 344 1490 si
362 1439 412 1491 aut
429 1435 615 1505 Ambiorigem
631 1439 680 1490 aut
700 1435 761 1504 ejus
779 1436 884 1504 legatos
902 1435 1003 1490 finibus

151 1511 209 1565 suis
219 1511 395 1581 reoepissent
415 1509 475 1566 >nis
486 1511 656 1566 confirmatis
662 1511 745 1565 rebus
753 1507 906 1565 Commium
918 1510 1003 1565 Atre-

150 1585 245 1642 batem
256 1603 318 1642 oum
330 1587 456 1657 equitatu
468 1586 590 1643 custodis
601 1587 660 1642 loeo
671 1586 700 1640 in
711 1585 846 1655 Menapiis
855 1585 1003 1654 relinquit3

150 1661 211 1732 ipse
221 1663 250 1716 in
262 1662 390 1717 'lreviros
401 1662 589 1733 proficiscitur.

204 1742 228 1796 7.
264 1737 336 1792 Dum
357 1738 425 1792 haee
443 1754 460 1793 a
476 1737 593 1794 Gaesare
608 1742 750 1808 geruntur,
771 1736 877 1792 'lreviri
895 1738 1004 1807 magnis

126 1823 130 1831 '
150 1813 252 1868 essetis
263 1813 405 1883 peditatus
417 1813 610 1883 equitatusque
621 1809 705 1883 eopiis
717 1813 866 1868 Labienum
875 1828 937 1867 eum
948 1829 1003 1867 una

151 1888 259 1957 legione,
269 1889 341 1957 quae
352 1888 381 1942 in
397 1905 492 1943 eorum
508 1887 607 1944 finibus
621 1887 789 1945 hiemaverat
804 1886 906 1942 adoriri
924 1904 1003 1957 para-

151 1963 228 2030 bant,
236 1963 350 2033 Jamque
362 1963 399 2019 ab
410 1980 443 2018 eo
454 1980 509 2018 non
520 1964 628 2033 longius
639 1964 716 2019 bidui
726 1964 772 2018 via
782 1963 903 2029 aberant
918 1979 1002 2032 quum

151 2040 220 2096 duas
231 2040 337 2094 venisse
348 2039 469 2108 legiones
478 2039 566 2094 missu
574 2039 698 2094 Caesaris
706 2039 880 2108 cognoscunt.
902 2038 1003 2091 Positis

151 2115 277 2169 eastrisa
292 2115 403 2170 milibus
419 2131 549 2185 passum
566 2130 605 2170 xv
621 2115 723 2169 sanita
740 2115 938 2169 Germanorum
956 2128 1002 2166 ex-

151 2194 281 2260 spectare
289 2190 467 2245 constituunt.
491 2187 758 2245 Labienus'bostium
770 2188 880 2257 cognito
891 2187 1003 2242 consilio

151 2281 264 2336 sperans
275 2266 433 2321 temeritate
444 2282 538 2321 eorum
549 2266 608 2320 fore
619 2266 737 2334 aliquam
755 2263 902 2319 dimicandi
919 2263 1003 2317 facul-

151 2343 246 2409 tatem,
257 2341 393 2409 praesidio
404 2357 424 2397 v
434 2342 586 2397 cohortium
596 2339 803 2410 impedimentis
819 2340 922 2406 relicto,
940 2355 1002 2393 oum

150 2431 209 2471 xxv
237 2416 394 2476 eohortrbus
423 2433 577 2487 magnoque
611 2416 737 2486 equitatu
770 2418 866 2470 eontra
895 2414 1002 2469 bostem

150 2490 338 2561 proficiscitur,
351 2495 380 2547 et
394 2492 467 2547 mille
484 2509 614 2563 passuum
631 2492 787 2558 intermisso
804 2490 893 2560 spatio
911 2490 1002 2545 eastra

150 2566 309 2622 eommunit.
345 2567 414 2622 Erat
425 2568 498 2623 inter
510 2568 662 2622 Labienum
674 2571 758 2637 atque
772 2567 881 2622 hostem
898 2566 1002 2621 difficili

150 2641 271 2695 mansitu
291 2641 393 2697 flumen
416 2642 537 2712 ripisque
561 2643 733 2713 praeruptis;
755 2643 807 2698 boe
829 2658 919 2712 neque
943 2642 1003 2712 ipse

149 2717 269 2772 transire
291 2717 321 2771 in
343 2717 432 2772 animo
455 2718 583 2789 habebat,
603 2734 698 2788 neque
721 2718 815 2774 hostes
837 2718 1002 2773 transituros

150 2792 335 2848 existimabat.
382 2793 547 2863 Augebatur
578 2794 740 2848 auxiliorum
772 2793 896 2864 quotidie
929 2810 1000 2861 spes.

151 2867 288 2936 Loquitur
305 2869 334 2923 in
353 2869 465 2924 oonsilio
482 2870 585 2939 palam*
600 2870 734 2936 Quoniam
753 2867 883 2925 Germani
904 2884 1002 2938 appro

149 2943 283 3013 pinqnare
301 2944 436 3013 dieantur,
447 2947 515 3011 'sese
533 2947 599 3001 suas
617 2946 809 3014 exercitamque
829 2945 953 2999 fortunas
972 2944 1002 2996 in

151 3018 266 3073 dubium
287 3036 341 3075 non
361 3020 605 3087 semetsemet
625 3021 736 3090 postero
759 3020 806 3073 die
828 3021 918 3088 prima
941 3018 1002 3071 lues

149 3097 241 3149 eastra
251 3099 400 3152 moturum.
436 3083 571 3152 Celei-bei
587 3091 655 3151 liaeo
672 3094 709 3150 ad
725 3094 818 3149 hostes
833 3093 1001 3156 defenmtnr,

148 3173 228 3226 ut'ex
239 3171 338 3242 magno
350 3171 491 3228 Gallorum
500 3172 627 3243 equitum
635 3173 749 3226 numero
757 3167 900 3224 nonnullos
908 3166 1001 3221 Gallos
