2175 3409
524 148 635 197 LIBER
654 148 704 199 IV.
1013 153 1043 197 05

185 228 332 285 difficultas
342 228 459 284 faciendi
470 228 563 299 pontis
573 228 779 299 proponebatur
790 231 905 299 propter
922 230 1045 288 latitudi-

185 322 255 372 nem,
268 306 444 374 rapiditatem
456 305 684 374 altitudinemque
697 305 823 373 fluminis,
835 309 928 360 tamen
943 307 973 362 id
991 310 1043 365 sibi

184 381 407 436 contendendum
419 384 467 435 aut
479 381 561 436 aliter
572 397 626 435 non
636 380 874 436 transducendum
890 384 1043 441 exercitum

172 454 369 512 'existimabat
410 457 555 512 Rationem
578 456 671 526 pontis
694 455 765 510 hanc
788 456 917 511 instituit.
958 458 1045 529 Tigna

184 532 250 586 bina
266 529 475 601 sesquipedalia,
487 531 599 600 paulum
615 531 651 586 ab
670 531 725 585 imo
743 534 898 601 praeacuta,
918 532 1042 590 dimensa

184 607 223 662 ad
234 607 409 662 altitudinem
420 607 548 676 fluminis,
559 607 702 662 intervallo
718 607 820 677 pedum
837 607 954 663 duorum
969 609 1043 666 inter

184 700 216 737 se
233 683 378 753 jungebat
415 684 493 738 Haec
509 700 597 755 quum
614 682 856 738 machinationibus
874 684 996 742 immissa
1014 687 1043 741 in

94 798 99 807 .
185 758 287 813 flumen
298 760 434 814 defixerat
445 759 604 828 fistucisque
611 758 745 826 adegerat
755 773 809 811 non
824 756 944 814 sublicae
960 761 1043 816 modo

90 859 99 873 r
184 833 292 889 directe
304 836 342 890 ad
353 834 586 905 perpendimlum
597 833 648 889 sed
659 850 744 903 prone
759 849 791 887 ac
806 833 936 902 instigate
952 839 984 890 ut
1000 854 1042 892 sc·

184 910 304 964 cundum
321 914 448 965 naturam
466 910 585 964 fluminis
602 909 819 979 procumberent,
833 908 875 963 his
893 910 961 964 item
977 928 1041 966 con·
1066 944 1082 972 .

186 987 271 1040 traria
283 987 337 1041 duo
352 987 388 1041 ad
400 987 520 1041 eundem
534 985 647 1039 modum
661 984 760 1054 juncta
775 983 918 1039 intervallo
935 986 1037 1054 pedum
1056 1029 1065 1042 .

183 1062 390 1131 quadragenum
400 1062 437 1116 ab
449 1062 578 1136 inferiore
589 1064 669 1130 parte
681 1065 776 1115 contra
787 1060 842 1115 vim
857 1064 941 1129 atque
954 1062 1040 1132 impe·

184 1140 246 1190 tum
257 1137 376 1191 fluminis
388 1154 519 1192 conversa
527 1137 674 1192 statuebat
711 1136 789 1191 Haec
800 1139 918 1205 utraque
929 1138 1041 1207 insuper

185 1212 360 1281 bipedalibus
368 1214 493 1268 trabibus
502 1213 638 1280 immissis,
651 1217 784 1282 quantum
796 1229 891 1266 eorum
903 1213 1040 1281 tignorum

178 1288 313 1357 junctura
336 1290 465 1359 distabat,
488 1289 559 1343 binis
582 1289 723 1359 utrimque
745 1288 836 1343 fibulis
857 1287 894 1342 ab
917 1292 1041 1345 extrema

94 1407 99 1416 .
130 1405 131 1408 η
183 1368 265 1434 parte
274 1365 478 1421 distinebantur
486 1386 493 1432 ;
503 1365 605 1434 quitur
614 1364 740 1419 disclusis
748 1368 833 1434 atque
842 1364 869 1418 in
878 1366 1040 1419 contrariam

182 1444 292 1509 partem
312 1442 441 1496 revinctis
465 1445 544 1495 tanta
561 1444 622 1495 erat
639 1441 729 1510 operis
746 1439 887 1494 firmitudo
905 1443 990 1510 atque
1007 1459 1040 1496 ea

183 1532 277 1570 rerum
288 1521 387 1572 natura
398 1520 497 1587 utque
508 1516 597 1585 major
608 1516 650 1571 vis
660 1533 750 1584 aquae
760 1532 791 1570 se
802 1516 976 1584 incitarisset,
988 1517 1039 1571 hoe

182 1592 271 1648 artius
281 1594 388 1663 illigata
398 1596 568 1648 tenerentur.
605 1593 682 1647 Haec
693 1592 800 1647 directa
810 1593 926 1646 materia
937 1593 1038 1663 injecta

93 1693 98 1704 ·
125 1680 128 1687 ·
182 1669 585 1738 contexebanturaclonguriis
597 1670 773 1738 cratibusque
785 1668 1035 1725 consternebantur.

185 1744 228 1799 Ac
240 1746 324 1799 nihilo
335 1746 425 1800 secius
436 1745 559 1799 sublicae
569 1749 599 1799 et
610 1745 646 1799 ad
660 1746 815 1799 inferiorem
829 1749 937 1814 partem
951 1746 1038 1801 flumi-

183 1820 226 1874 nis
238 1820 347 1890 oblique
358 1820 520 1890 agebantur,
532 1837 603 1888 quac
615 1838 665 1889 pro
675 1822 763 1875 ariete
779 1819 921 1889 subjectae
934 1824 964 1876 et
977 1838 1037 1875 cum

182 1897 257 1951 omni
272 1913 356 1967 opere
367 1898 530 1967 conjunctae
543 1897 598 1950 uim
613 1897 731 1950 fluminis
746 1896 911 1966 exciperent,
927 1900 957 1952 et
969 1898 1037 1952 aliae

85 2000 92 2014 ·
182 1973 250 2027 item
263 1989 346 2043 supra
357 1976 468 2041 pontem
480 1972 613 2027 mediocri
625 1973 721 2042 spatio,
729 1977 761 2027 ut
773 1973 796 2026 si
807 1972 936 2026 arborum
944 1974 1034 2027 trunci

182 2048 240 2103 sive
249 2065 331 2102 naves
341 2047 487 2116 dejiciendi
496 2048 589 2118 operis
598 2047 701 2117 [causa]
711 2052 804 2102 essent
811 2064 829 2101 a
837 2046 961 2102 barbaris
973 2050 1036 2103 mis·

181 2139 237 2190 sae,
252 2124 296 2178 his
316 2122 505 2178 defensoribus
520 2139 614 2178 earum
630 2139 724 2177 rerum
740 2122 782 2177 vis
797 2124 968 2177 minueretur
981 2141 1037 2178 neu

98 2229 103 2236 ·
182 2201 262 2267 ponti
273 2203 412 2255 nocerent.

236 2281 275 2331 18.
312 2274 417 2330 Diebus
428 2276 523 2332 decem
535 2274 636 2345 quibus
648 2275 764 2331 materia
775 2279 874 2345 coepta
888 2279 949 2330 erat
964 2292 1036 2330 oom-

179 2352 287 2420 portari
298 2352 371 2406 omni
381 2368 464 2421 opere
476 2352 573 2405 effecto
590 2352 726 2405 exercitus
740 2352 934 2406 transducitur.
971 2352 1037 2407 Cae

182 2427 276 2481 sarad
287 2430 433 2495 utramque
444 2430 551 2496 partem
563 2426 655 2495 pontis
667 2427 745 2480 firmo
757 2428 893 2496 praesidio
904 2428 1000 2483 relicto
1009 2428 1037 2481 in

181 2502 250 2557 lines
273 2503 477 2571 Sigambrorum
499 2503 649 2557 contendit
686 2503 802 2557 Interim
818 2521 836 2557 a
853 2504 1037 2574 compluribus

179 2578 338 2633 civitatibus
355 2579 392 2632 ad
408 2596 472 2633 eum
490 2580 575 2647 legati
593 2580 705 2634 veniunt
724 2579 823 2649 quibus
839 2597 934 2650 pacem
951 2585 1036 2650 atque

178 2654 327 2710 amicitiam
349 2655 508 2722 petentibus
531 2655 681 2711 liberaliter
705 2657 853 2725 respondit,
872 2656 1036 2726 obsidesque

178 2731 217 2785 ad
234 2749 266 2787 se
279 2732 385 2787 adduci
399 2733 491 2802 jubet.
528 2736 570 2788 At
584 2735 721 2803 Sigambri
734 2753 770 2789 ex
785 2752 818 2790 eo
834 2739 965 2805 tompore,
981 2751 1035 2803 quo

178 2823 248 2877 pons
259 2808 366 2863 institui
376 2813 491 2878 coeptus
501 2814 554 2878 est,
566 2811 632 2879 fuga
641 2815 800 2881 comparata
814 2810 987 2867 hortantibus
1002 2809 1039 2866 iis.

177 2900 248 2952 quos
260 2901 295 2939 ex
307 2884 485 2939 Tenchtheris
495 2891 582 2955 atque
594 2888 755 2957 Usipetibus
766 2888 841 2958 apud
850 2905 880 2942 se
889 2885 1034 2952 habebant,

69 3003 75 3016 .
178 2956 278 3015 finibus
305 2961 361 3014 suis
386 2967 562 3017 excesserant
583 2980 688 3032 suaque
707 2962 1035 3033 omnia·exportaverant

177 3050 263 3104 seque
273 3036 302 3089 in
315 3036 490 3091 solitudinem
502 3055 533 3092 ac
544 3039 626 3092 silvas
637 3038 808 3094 abdiderant.

232 3118 270 3168 19.
307 3112 408 3167 Caesar
424 3129 525 3181 paucos
543 3115 603 3168 dies
620 3116 649 3168 in
667 3130 761 3167 eorum
786 3114 886 3167 finibus
903 3115 1031 3175 moratus,

123 3239 126 3246 .
176 3188 304 3244 omnibus
316 3188 383 3245 vicis
399 3190 587 3259 aedificiisque
602 3189 720 3244 incensis
734 3189 935 3257 frumentisque
950 3184 1033 3239 suoci-
