2175 3409
10 3303 66 3353 k

91 143 139 191 122
346 137 374 186 C.
392 135 411 185 J
413 135 494 186 ULII
511 132 687 184 CAESARIS

89 224 193 276 rantur.
230 220 299 273 'ium
317 217 478 273 collaudatis
498 215 672 282 Carnutibus,
684 215 751 270 date
764 216 946 285 jurejurando

89 299 125 352 ab
137 297 263 352 omnibus
276 296 322 364 qui
334 294 460 363 aderant,
472 298 598 362 tempere
611 292 673 361 ejus
685 293 725 346 rei
741 294 892 348 constituto
911 292 945 347 ab

90 373 202 429 concilio
215 371 373 426 disceditur.

142 455 165 504 3.
203 448 258 502 Ubi
274 464 308 502 ca
325 448 385 502 dies
400 447 483 513 venit,
497 446 634 501 Carnutes
651 446 769 500 Cotuato
781 449 811 499 et
829 446 945 501 Coneto

90 525 164 579 drino
186 523 309 592 ducibus,
335 523 489 592 desperatis
516 522 680 590 bominibus
694 520 849 596 ¹Cenabum
868 523 944 591 signe

91 602 157 655 dato
188 603 361 669 concurrunt,
385 600 512 667 civesque
541 598 686 666 Romanos,
711 598 757 666 qui
786 599 945 666 negotiandi

90 693 172 731 causa
183 676 222 730 ibi
233 677 422 744 constiterant,
432 675 461 728 in
469 675 512 728 his
522 674 552 728 C.
566 674 679 727 Fusium
692 674 788 740 Citam
799 674 944 729 honestum

89 753 213 822 equitem
226 752 388 820 Romanum,
402 751 448 822 qui
461 752 501 806 rei
513 751 708 804 immentariae
722 750 804 818 jussu
821 751 945 805 Caesaris

89 829 400 897 praeerat‚intcrficiunt
410 829 535 898 bonaque
545 844 641 881 eorum
649 827 788 896 diripiunt.
811 826 945 882 Celeriter

90 904 126 958 ad
150 921 244 959 omnes
268 897 373 960 Galliae
390 905 515 960 civitates
538 904 614 958 fama
637 905 794 973 perfertur;
816 917 887 957 nam·
897 903 945 957 ubi

90 980 178 1050 mrq'or
200 982 285 1050 atque
303 982 437 1037 illustrior
460 981 556 1035 incidit
579 997 632 1048 res,
651 981 770 1035 clamore
792 997 844 1049 per
864 996 945 1048 agros

90 1058 270 1127 regionesque
282 1059 451 1127 significant3
469 1058 541 1110 hunc
555 1057 602 1110 alii
618 1057 747 1125 deinceps
763 1056 903 1125 excipiunt
914 1060 945 1111 et

89 1133 220 1201 proximis
243 1133 364 1203 tradunt,
383 1138 493 1188 uttam
511 1133 620 1188 accidit.
658 1133 683 1186 N
686 1150 729 1186 am
749 1149 819 1203 quae
838 1132 944 1186 Cenabi

89 1209 196 1264 emente
204 1209 261 1264 solo
270 1215 349 1279 gesta
355 1213 455 1278 essent,
464 1213 528 1263 ante
540 1210 656 1278 primam
666 1209 816 1263 confectam
823 1208 948 1277 vigiliam

90 1284 118 1337 in
136 1285 236 1339 finibus
255 1288 443 1340 Arvernorum
460 1284 556 1340 audita
574 1285 746 1354 sunt;.quod
764 1285 883 1353 spatium
901 1287 945 1338 cst

90 1360 197 1414 milium
208 1362 319 1415 circiter
330 1378 389 1417 oux.
695 1423 697 1429 ¹

141 1441 165 1489 4.
203 1436 290 1490 Simili
314 1438 420 1491 ratione
443 1437 482 1491 ibi
506 1437 725 1505 Vercingetorix,
744 1436 846 1491 Celtilli
864 1437 944 1503 filius,

91 1514 240 1579 Arvernus,
262 1528 384 1568 summae
406 1514 547 1582 potentiae
571 1513 729 1567 adolescens
745 1512 841 1581 (cujus
864 1516 944 1583 pater

89 1587 272 1656 principatum
286 1587 392 1643 Galliae
404 1589 490 1643 totius
502 1589 668 1657 obtinuerat,
675 1592 705 1642 et
713 1589 749 1643 ob
758 1604 819 1642 eam
828 1605 944 1656 causam,

90 1662 165 1732 quod
188 1679 304 1730 regnum
327 1664 483 1733 appetebat,
502 1665 538 1719 ab
556 1666 668 1719 civitate
686 1667 747 1718 erat
764 1664 943 1731 interfectus),

90 1739 244 1792 convocatis
260 1740 316 1793 suis
332 1740 477 1794 clientibus
487 1741 570 1795 facile
584 1741 712 1795 incendit.
750 1740 867 1807 Cognito
883 1740 944 1808 ejus

89 1814 201 1867 consilio
213 1814 249 1869 ad
259 1832 334 1869 arma
341 1818 511 1871 concurritur
521 1838 527 1873 :
539 1817 575 1871 ab
586 1817 768 1871 Gobanitione
779 1820 877 1885 patruo
887 1833 944 1885 suo,

89 1888 257 1960 reliquisque
274 1892 451 1961 principibus,
471 1893 518 1963 qui
538 1893 610 1948 hanc
630 1893 789 1947 tentandam
806 1893 944 1946 fortunam

90 1982 145 2019 non
163 1967 365 2035 existimabant,
385 1970 531 2037 expellitur
550 1987 584 2023 ex
602 1969 704 2038 oppido
723 1968 872 2036 Gergovia3
888 1985 943 2022 non

90 2041 199 2097 destitit
211 2045 312 2113 amen,
325 2049 408 2114 atque
420 2046 447 2098 in
460 2046 533 2114 agris
550 2045 634 2099 habet
648 2044 788 2099 delectum
803 2044 944 2113 egentium

89 2135 120 2172 ac
137 2119 315 2188 perditorum.
352 2121 414 2175 Hac
425 2126 519 2177 coacta
531 2138 621 2189 manu,
635 2137 821 2190 quoscumque
833 2120 892 2174 adit
908 2136 943 2174 ex

88 2196 201 2250 civitate
213 2195 250 2250 ad
263 2212 339 2251 suam
352 2199 516 2252 sententiam
530 2197 672 2268 perducit:
688 2198 816 2250 hortatur
827 2200 859 2250 ut
870 2191 943 2251 com-

88 2273 178 2325 munis
190 2272 326 2328 libertatis
338 2290 420 2328 causa
432 2291 507 2328 arma
523 2275 646 2343 capiant:
665 2273 827 2342 magnisque
842 2272 943 2327 coactis

88 2348 174 2417 copiis
188 2348 360 2404 adversarios
374 2367 444 2420 suos,
456 2368 473 2405 a
490 2350 590 2420 quibus
607 2350 699 2420 paullo
714 2354 779 2404 ante
796 2354 857 2404 erat
871 2349 943 2417 ejec-

89 2429 141 2491 tus,
155 2424 270 2493 expellit
281 2441 316 2479 ex
328 2426 447 2482 civitate.
478 2426 539 2481 Rex
551 2426 587 2480 ab
600 2426 656 2496 suis
665 2426 819 2495 appellatur
832 2447 838 2492 3
851 2412 964 2478 dimit-⁸

88 2500 125 2554 tit
143 2516 350 2570 quoquoversus
368 2503 533 2573 legationes3
551 2503 708 2557 obtestatur
726 2502 801 2556 utin
817 2502 872 2555 fide
885 2518 943 2555 ma-

88 2580 179 2630 neant.
218 2577 354 2632 Celeriter
372 2580 424 2633 sibi
443 2580 571 2649 Senones,
591 2579 717 2647 Parisios,
737 2578 872 2645 Pictones,
891 2577 943 2631 Ca-

89 2652 332 2723 dureos,'.l¹uronos‚
341 2656 481 2723 Aulercos,
490 2657 656 2724 Lemovices,
665 2654 943 2723 Andcsreliqnosque

88 2729 242 2799 omnesqui
260 2731 398 2786 Oceanum
419 2733 560 2802 attingunt
580 2732 721 2802 adjungit:
740 2732 861 2784 omnium
880 2745 942 2783 cou-

88 2819 171 2858 sensu
183 2806 219 2858 ad
232 2823 295 2860 eum
308 2808 433 2862 defertur
444 2809 597 2877 imperium.
627 2809 688 2874 Qua
699 2807 792 2862 oblata
803 2805 943 2876 potestate

88 2880 213 2934 omnibus
230 2881 273 2935 his
290 2883 446 2937 civitatibus
463 2885 573 2940 obsides
589 2886 714 2954 imperat,
726 2887 832 2938 eertum
848 2897 943 2936 nume·

88 2968 150 3005 rum
173 2955 292 3011 militum
316 2959 353 3012 ad
375 2976 406 3013 se
423 2960 551 3015 celeriter
574 2961 674 3016 adduci
691 2960 782 3029 jubet,
804 2974 942 3013 armorum

90 3032 223 3112 quantum
248 3047 374 3102 quaeque
398 3035 493 3089 civitas
512 3035 586 3090 demi
604 3038 734 3106 quodque
751 3040 816 3091 ante
833 3040 943 3105 tempus

89 3099 190 3182 etiicrat
201 3106 356 3160 constituit:
374 3108 403 3160 in
417 3110 513 3178 primis
525 3112 664 3180 equitatui
676 3112 777 3168 studet.
815 3112 944 3166 Summae

91 3168 250 3236 diligentiae
267 3193 399 3234 summam
414 3183 520 3252 imperii
536 3189 713 3243 severitatem
731 3187 823 3243 addit:
841 3185 944 3256 magui·

1066 3229 1071 3269 l
