2175 3409
11 125 12 138 κ
88 117 117 163 14
341 115 369 159 o.
388 112 490 160 sunu
506 84 678 163 cinensis
751 73 759 92 ι

84 193 189 261 egressi
212 190 248 245 ad
272 188 400 245 Rhenum
423 192 548 263 finesque
571 194 769 250 Germanorum
791 202 937 256 contende·
989 200 991 206 ’
1071 225 1080 278 5

85 272 177 399 mnia.
208 347 288 411 Quod
296 346 345 401 ubi
358 347 459 402 Caesar
470 348 570 415 resciit,
579 366 694 418 quorum
702 367 753 419 per
762 352 830 405 fines
839 353 935 420 ierant,

84 419 127 473 his
138 421 180 475 uti
197 423 390 490 conquirerent
407 426 436 478 ct
451 424 625 494 reducerent,
640 427 663 479 si
678 426 730 478 sibi
746 430 856 495 purgati
875 445 935 483 esse

83 496 193 563 vellent,
206 496 367 566 imperavit:
384 499 513 554 reductos
524 501 553 554 in
565 491 684 555 hostium
697 519 810 562 numero
822 504 935 560 habuit:

83 572 203 641 reliquos
226 589 321 628 omnes
342 575 492 643 obsidibus,
512 577 603 643 armis,
625 578 748 647 perfugis
771 580 884 638 traditis
905 580 935 634 in
1076 603 1080 890 1

83 649 252 704 deditionem
263 652 377 720 accepit.
413 652 565 720 Helvetios,
578 653 715 721 'sillingos
728 656 891 724 Latobrigos
905 656 934 709 in

83 724 151 779 fines
172 725 235 779 s'uos
253 727 328 781 unde
349 731 428 781 erant
446 728 563 797 profecti
582 731 685 784 reverti
701 730 794 798 jussit,
811 737 840 785 et
860 732 934 799 quod

82 800 208 855 omnibus
228 802 354 870 frugibus
375 803 482 857 amissis
504 804 578 859 domi
597 806 665 860 nihil
682 812 742 861 erat
761 825 816 877 quo
832 808 932 861 famem

81 876 239 947 tolerarent,
248 879 444 948 Allobrogibus
451 880 597 950 imperavit
609 886 640 936 ut
647 883 681 936 iis
688 883 818 937 frumenti
827 885 932 953 copiam

81 954 221 1010 facerent:
240 955 314 1024 ipsos
332 956 433 1025 oppida
444 957 574 1027 vicosque
586 975 654 1026 quos
666 958 843 1013 incenderant
854 960 933 1013 resti-

81 1033 160 1085 tuere
174 1032 265 1099 jussit.
303 1032 339 1087 Id
358 1049 390 1087 ea
406 1032 524 1087 maxime
543 1034 649 1088 ratione
667 1036 734 1090 fecit
751 1036 826 1104 quod
844 1036 932 1090 noluit

81 1123 143 1159 eum
155 1107 244 1162 locum
255 1109 330 1163 unde
339 1108 461 1163 Helvetii
471 1109 654 1163 discesserant
662 1128 766 1176 vacare,
774 1128 808 1164 ne
818 1115 931 1180 propter

79 1181 231 1239 bonitatem
239 1202 367 1253 agrorum
377 1185 514 1252 Germani,
523 1185 570 1254 qui
579 1189 655 1240 trans
666 1187 791 1241 Rhenum
801 1186 930 1254 incolunt,

80 1261 164 1314 esuis
176 1261 276 1314 finibus
288 1261 317 1313 in
330 1261 521 1315 Helvetiorum
534 1262 602 1315 fines
615 1263 764 1317 transirent
776 1266 805 1316 et
821 1262 931 1316 finitimi
1023 1277 1027 1282 ·

80 1335 185 1390 Galliae
203 1336 357 1405 provinciae
378 1337 628 1407 Allobrogibusque
647 1343 749 1393 essent.
785 1339 868 1393 Boios
883 1356 930 1408 pe-

80 1411 205 1465 tentibus
217 1412 331 1481 Aeduis,
345 1413 420 1482 quod
434 1413 546 1481 egregia
561 1415 664 1469 virtute
679 1418 759 1469 erant
776 1415 886 1483 cogniti,
898 1418 931 1469 ut

79 1486 109 1540 in
130 1487 230 1541 finibus
251 1489 306 1541 suis
325 1489 490 1543 collocarent
508 1490 659 1556 eoncessit3
678 1490 779 1559 quibus
795 1490 835 1543 illi
850 1508 930 1559 agros

81 1562 219 1617 dederunt
238 1581 361 1635 quosque
380 1567 476 1633 postea
495 1564 634 1634 inparem
649 1565 722 1633 juris
737 1565 931 1635 libertatisque

79 1638 263 1694 conditionem
275 1644 359 1708 atque
370 1641 423 1709 ipsi
436 1633 514 1695 lirant
526 1645 698 1711 receperunt.

85 1718 88 1721 ’
132 1722 173 1771 29.
209 1717 243 1770 In
263 1717 360 1776 castris
382 1717 574 1771 Helvetiorum
594 1718 701 1772 tabulae
721 1725 849 1788 repertae
864 1723 930 1773 sunt

78 1793 179 1848 litteris
193 1792 305 1848 Graecis
317 1794 456 1848 confectae
467 1797 497 1848 et
508 1795 545 1847 ad
555 1795 700 1849 Gaesarem
708 1794 819 1861 relatae,
828 1793 929 1863 quibus

78 1868 107 1921 in
122 1869 226 1923 tabulis
242 1870 401 1924 nominatim
420 1870 491 1924 ratio
511 1872 635 1925 confecta
651 1873 718 1938 erat,
734 1871 782 1938 qui
798 1887 928 1924 numerus

79 1944 160 1999 domo
181 1945 284 2000 exisset
305 1962 398 1999 eorum
418 1946 465 2015 qui
487 1963 563 2000 anna
581 1947 653 2000 ferre
671 1949 791 2015 possent,
810 1949 840 2000 et
859 1945 928 2000 item

78 2022 226 2090 separatim
246 2021 333 2091 pueri,
346 2039 423 2076 senes
440 2022 631 2090 mulieresque.
669 2022 791 2086 Quarum
807 2021 927 2075 omnium

77 2114 170 2151 rerum
183 2115 288 2153 summa
304 2102 364 2152 erat
380 2098 501 2166 capitum
517 2098 708 2152 Helvetiorum
724 2098 801 2151 milia
815 2112 927 2166 ccnxnr,

78 2173 252 2243 Tulingorum
264 2175 340 2228 milia
352 2189 446 2242 xxxvl,
457 2174 665 2242 Latobrigorum
676 2190 732 2239 mv,
742 2175 926 2228 Rauracorum

78 2265 159 2319 xxm,
176 2251 306 2305 Boiorum
326 2266 423 2306 xxxn:
450 2267 484 2304 ex
500 2250 543 2303 his
563 2252 609 2320 qui
626 2267 703 2304 anna
719 2251 793 2304 ferre
814 2252 926 2319 possent

76 2327 112 2380 ad
136 2327 212 2381 milia
239 2343 309 2382 xe11.
352 2327 464 2381 Summa
493 2326 614 2379 omnium
643 2326 755 2380 fuerunt
785 2325 822 2379 ad
850 2325 926 2379 milia

76 2418 224 2459 occnmn.
258 2405 360 2458 Eorum
377 2403 424 2473 qui
441 2402 553 2456 domurn
568 2402 712 2456 redierunt
727 2417 810 2456 censu
822 2400 926 2468 habito,

77 2483 107 2533 ut
127 2480 228 2535 Caesar
247 2481 438 2550 imperaverat,
459 2483 588 2548 repertus
609 2482 652 2532 est
670 2494 800 2532 numerus
819 2477 925 2531 milium

76 2558 171 2610 cetx.

127 2636 169 2686 30.
204 2630 282 2686 Bello
300 2631 492 2686 Helvetiorum
510 2632 632 2685 confecto
648 2631 733 2686 totius
748 2631 808 2685 fere
819 2628 925 2684 Galliae

75 2706 168 2775 legati,
191 2706 328 2775 principes
350 2706 500 2775 civitatum,
524 2707 561 2760 ad
586 2707 730 2761 Caesarem
753 2705 924 2774 gratulatum

75 2785 274 2837 convenerunt:
303 2782 462 2849 Intelligere
485 2798 553 2850 sese,
576 2783 688 2837 tametsi
711 2798 762 2852 pro
786 2780 925 2835 veteribus

77 2855 267 2911 Helvetiorum
279 2857 386 2927 injuriis
397 2858 490 2926 populi
503 2858 619 2911 Romani
631 2859 666 2911 ab
681 2858 838 2927 hispoenas
850 2855 924 2909 bello
1050 2873 1053 2882 ’

75 2932 229 3001 repetisset,
249 2936 342 2986 tamen
362 2949 422 2986 eam
446 2950 505 2986 rem
524 2951 578 2987 non
597 2935 686 2988 minue
706 2951 740 2987 ex
759 2949 812 2986 usu
832 2935 925 2986 terrae

76 3015 181 3071 Galliae
199 3031 281 3083 quam
297 3015 390 3084 populi
407 3016 522 3069 Romani
539 3016 678 3085 accidisse,
689 3020 836 3085 propterea
848 3016 924 3084 quod

75 3108 108 3145 eo
131 3090 241 3145 consilio
264 3091 463 3146 florentissimis
486 3092 570 3147 rebus
594 3093 689 3147 domos
713 3109 776 3146 suas
800 3091 924 3146 Helvetii

74 3164 257 3234 reliquissent,
273 3167 316 3220 uti
334 3167 386 3222 toti
403 3168 509 3225 Galliae
524 3168 627 3224 bellum
643 3168 778 3223 inferrent
796 3167 924 3236 imperio·
