<?xml version="1.0" encoding="UTF-8"?>
<!DOCTYPE html PUBLIC "-//W3C//DTD XHTML 1.0 Transitional//EN"
    "http://www.w3.org/TR/xhtml1/DTD/xhtml1-transitional.dtd">
<html xmlns="http://www.w3.org/1999/xhtml" xml:lang="en" lang="en">
 <head>
  <title>
</title>
<meta http-equiv="Content-Type" content="text/html;charset=utf-8" />
  <meta name='ocr-system' content='tesseract 3.04.00' />
  <meta name='ocr-capabilities' content='ocr_page ocr_carea ocr_par ocr_line ocrx_word'/>
</head>
<body>
  <div class='ocr_page' id='page_1' title='image "./cjuliicaesarisc00longgoog_0157.png"; bbox 0 0 2175 3409; ppageno 0'>
   <div class='ocr_carea' id='block_1_1' title="bbox 10 181 17 249">
    <p class='ocr_par' dir='ltr' id='par_1_1' title="bbox 10 181 17 249">
     <span class='ocr_line' id='line_1_1' title="bbox 10 181 17 249; baseline 0 0"><span class='ocrx_word' id='word_1_1' title='bbox 10 181 17 249; x_wconf 84' lang='lat' dir='ltr'><strong>l</strong></span> 
     </span>
    </p>
   </div>
   <div class='ocr_carea' id='block_1_2' title="bbox 156 114 1023 3225">
    <p class='ocr_par' dir='ltr' id='par_1_2' title="bbox 167 114 1023 339">
     <span class='ocr_line' id='line_1_2' title="bbox 527 114 1021 165; baseline 0.01 -5"><span class='ocrx_word' id='word_1_2' title='bbox 527 114 640 161; x_wconf 84' lang='lat' dir='ltr'><strong>LIBER</strong></span> <span class='ocrx_word' id='word_1_3' title='bbox 658 115 722 163; x_wconf 84' lang='lat' dir='ltr'><strong>Vll.</strong></span> <span class='ocrx_word' id='word_1_4' title='bbox 976 115 1021 165; x_wconf 81' lang='lat'><strong>147</strong></span> 
     </span>
     <span class='ocr_line' id='line_1_3' title="bbox 167 192 1023 264; baseline -0.001 -15"><span class='ocrx_word' id='word_1_5' title='bbox 167 197 259 264; x_wconf 86' lang='lat' dir='ltr'><strong>quein</strong></span> <span class='ocrx_word' id='word_1_6' title='bbox 272 196 345 264; x_wconf 75' lang='lat' dir='ltr'><strong>agris</strong></span> <span class='ocrx_word' id='word_1_7' title='bbox 357 198 387 249; x_wconf 89' lang='lat' dir='ltr'><strong>et</strong></span> <span class='ocrx_word' id='word_1_8' title='bbox 398 194 504 264; x_wconf 88' lang='lat' dir='ltr'><strong>pecoris</strong></span> <span class='ocrx_word' id='word_1_9' title='bbox 516 195 621 263; x_wconf 89' lang='lat' dir='ltr'><strong>copiam</strong></span> <span class='ocrx_word' id='word_1_10' title='bbox 636 197 742 259; x_wconf 88' lang='lat' dir='ltr'><strong>nactus,</strong></span> <span class='ocrx_word' id='word_1_11' title='bbox 758 192 865 262; x_wconf 87' lang='lat' dir='ltr'><strong>repleto</strong></span> <span class='ocrx_word' id='word_1_12' title='bbox 880 192 924 247; x_wconf 88' lang='lat' dir='ltr'><strong>his</strong></span> <span class='ocrx_word' id='word_1_13' title='bbox 939 192 1023 248; x_wconf 90' lang='lat' dir='ltr'><strong>rebus</strong></span> 
     </span>
     <span class='ocr_line' id='line_1_4' title="bbox 167 270 781 339; baseline -0.005 -13"><span class='ocrx_word' id='word_1_14' title='bbox 167 274 297 339; x_wconf 84' lang='lat' dir='ltr'><strong>exercitu,</strong></span> <span class='ocrx_word' id='word_1_15' title='bbox 310 274 364 326; x_wconf 90' lang='lat' dir='ltr'><strong>iter</strong></span> <span class='ocrx_word' id='word_1_16' title='bbox 375 271 405 324; x_wconf 93' lang='lat' dir='ltr'><strong>in</strong></span> <span class='ocrx_word' id='word_1_17' title='bbox 417 272 538 326; x_wconf 79' lang='lat' dir='ltr'>Senonas</span> <span class='ocrx_word' id='word_1_18' title='bbox 551 272 639 324; x_wconf 84' lang='lat' dir='ltr'><strong>iacere</strong></span> <span class='ocrx_word' id='word_1_19' title='bbox 652 270 781 324; x_wconf 73' lang='lat' dir='ltr'><strong>instituit.</strong></span> 
     </span>
    </p>

    <p class='ocr_par' dir='ltr' id='par_1_3' title="bbox 164 347 1021 1332">
     <span class='ocr_line' id='line_1_5' title="bbox 217 347 1020 416; baseline -0.004 -13"><span class='ocrx_word' id='word_1_20' title='bbox 217 353 258 407; x_wconf 77' lang='lat'><strong>57.</strong></span> <span class='ocrx_word' id='word_1_21' title='bbox 296 348 369 401; x_wconf 89' lang='lat' dir='ltr'><strong>Dum</strong></span> <span class='ocrx_word' id='word_1_22' title='bbox 387 349 454 402; x_wconf 88' lang='lat' dir='ltr'><strong>haee</strong></span> <span class='ocrx_word' id='word_1_23' title='bbox 472 347 547 416; x_wconf 87' lang='lat' dir='ltr'><strong>apud</strong></span> <span class='ocrx_word' id='word_1_24' title='bbox 564 348 708 401; x_wconf 79' lang='lat' dir='ltr'><strong>Gaesarem</strong></span> <span class='ocrx_word' id='word_1_25' title='bbox 725 350 867 416; x_wconf 82' lang='lat' dir='ltr'><strong>geruntur,</strong></span> <span class='ocrx_word' id='word_1_26' title='bbox 884 348 1020 402; x_wconf 81' lang='lat' dir='ltr'><strong>Labienus</strong></span> 
     </span>
     <span class='ocr_line' id='line_1_6' title="bbox 164 424 1020 495; baseline -0.002 -16"><span class='ocrx_word' id='word_1_27' title='bbox 164 442 198 479; x_wconf 92' lang='lat' dir='ltr'><strong>eo</strong></span> <span class='ocrx_word' id='word_1_28' title='bbox 223 426 413 495; x_wconf 87' lang='lat' dir='ltr'><strong>supplemento</strong></span> <span class='ocrx_word' id='word_1_29' title='bbox 437 425 511 494; x_wconf 92' lang='lat' dir='ltr'><strong>quod</strong></span> <span class='ocrx_word' id='word_1_30' title='bbox 534 441 622 493; x_wconf 82' lang='lat' dir='ltr'><strong>nuper</strong></span> <span class='ocrx_word' id='word_1_31' title='bbox 640 440 675 477; x_wconf 83' lang='lat' dir='ltr'><strong>ex</strong></span> <span class='ocrx_word' id='word_1_32' title='bbox 694 424 776 478; x_wconf 89' lang='lat' dir='ltr'><strong>Italia</strong></span> <span class='ocrx_word' id='word_1_33' title='bbox 793 428 906 478; x_wconf 81' lang='lat' dir='ltr'><strong>venerat</strong></span> <span class='ocrx_word' id='word_1_34' title='bbox 924 424 1020 478; x_wconf 89' lang='lat' dir='ltr'><strong>relicto</strong></span> 
     </span>
     <span class='ocr_line' id='line_1_7' title="bbox 166 500 1021 569; baseline -0.002 -13"><span class='ocrx_word' id='word_1_35' title='bbox 166 502 310 569; x_wconf 78' lang='lat' dir='ltr'><strong>Agendici,</strong></span> <span class='ocrx_word' id='word_1_36' title='bbox 328 507 360 556; x_wconf 91' lang='lat' dir='ltr'><strong>ut</strong></span> <span class='ocrx_word' id='word_1_37' title='bbox 380 504 455 555; x_wconf 89' lang='lat' dir='ltr'><strong>esset</strong></span> <span class='ocrx_word' id='word_1_38' title='bbox 472 501 676 569; x_wconf 75' lang='lat' dir='ltr'><strong>impedimentis</strong></span> <span class='ocrx_word' id='word_1_39' title='bbox 692 500 838 569; x_wconf 87' lang='lat' dir='ltr'><strong>praesidio,</strong></span> <span class='ocrx_word' id='word_1_40' title='bbox 856 516 918 554; x_wconf 88' lang='lat' dir='ltr'><strong>eum</strong></span> <span class='ocrx_word' id='word_1_41' title='bbox 936 516 966 554; x_wconf 89' lang='lat' dir='ltr'><strong>1v</strong></span> <span class='ocrx_word' id='word_1_42' title='bbox 984 500 1021 554; x_wconf 90' lang='lat' dir='ltr'><strong>le·</strong></span> 
     </span>
     <span class='ocr_line' id='line_1_8' title="bbox 164 576 1021 646; baseline -0.001 -16"><span class='ocrx_word' id='word_1_43' title='bbox 164 577 291 644; x_wconf 79' lang='lat' dir='ltr'><strong>gionibus</strong></span> <span class='ocrx_word' id='word_1_44' title='bbox 310 577 449 631; x_wconf 83' lang='lat' dir='ltr'><strong>Lutetiam</strong></span> <span class='ocrx_word' id='word_1_45' title='bbox 466 576 654 646; x_wconf 83' lang='lat' dir='ltr'><strong>proficiscitur.</strong></span> <span class='ocrx_word' id='word_1_46' title='bbox 691 576 727 630; x_wconf 91' lang='lat' dir='ltr'><strong>Id</strong></span> <span class='ocrx_word' id='word_1_47' title='bbox 742 580 785 630; x_wconf 87' lang='lat' dir='ltr'><strong>est</strong></span> <span class='ocrx_word' id='word_1_48' title='bbox 799 577 930 645; x_wconf 89' lang='lat' dir='ltr'><strong>oppidum</strong></span> <span class='ocrx_word' id='word_1_49' title='bbox 946 576 1021 629; x_wconf 89' lang='lat' dir='ltr'><strong>Pari-</strong></span> 
     </span>
     <span class='ocr_line' id='line_1_9' title="bbox 165 652 1020 723; baseline 0.001 -18"><span class='ocrx_word' id='word_1_50' title='bbox 165 654 267 706; x_wconf 84' lang='lat' dir='ltr'><strong>siorum</strong></span> <span class='ocrx_word' id='word_1_51' title='bbox 291 654 410 723; x_wconf 90' lang='lat' dir='ltr'><strong>positum</strong></span> <span class='ocrx_word' id='word_1_52' title='bbox 435 653 463 705; x_wconf 92' lang='lat' dir='ltr'><strong>in</strong></span> <span class='ocrx_word' id='word_1_53' title='bbox 487 653 577 707; x_wconf 88' lang='lat' dir='ltr'><strong>insula</strong></span> <span class='ocrx_word' id='word_1_54' title='bbox 603 652 722 706; x_wconf 86' lang='lat' dir='ltr'><strong>fluminis</strong></span> <span class='ocrx_word' id='word_1_55' title='bbox 749 652 897 722; x_wconf 85' lang='lat' dir='ltr'><strong>Sequanae.</strong></span> <span class='ocrx_word' id='word_1_56' title='bbox 933 653 1020 720; x_wconf 79' lang='lat' dir='ltr'><strong>Cujus</strong></span> 
     </span>
     <span class='ocr_line' id='line_1_10' title="bbox 164 728 1020 797; baseline 0 -16"><span class='ocrx_word' id='word_1_57' title='bbox 164 729 285 784; x_wconf 86' lang='lat' dir='ltr'><strong>adventu</strong></span> <span class='ocrx_word' id='word_1_58' title='bbox 306 728 342 783; x_wconf 94' lang='lat' dir='ltr'><strong>ab</strong></span> <span class='ocrx_word' id='word_1_59' title='bbox 361 728 486 784; x_wconf 80' lang='lat' dir='ltr'><strong>hostibus</strong></span> <span class='ocrx_word' id='word_1_60' title='bbox 506 729 616 796; x_wconf 81' lang='lat' dir='ltr'><strong>cognito</strong></span> <span class='ocrx_word' id='word_1_61' title='bbox 634 745 750 797; x_wconf 74' lang='lat' dir='ltr'><strong>magnae</strong></span> <span class='ocrx_word' id='word_1_62' title='bbox 765 745 800 783; x_wconf 89' lang='lat' dir='ltr'><strong>ex</strong></span> <span class='ocrx_word' id='word_1_63' title='bbox 818 729 940 783; x_wconf 87' lang='lat' dir='ltr'><strong>finitimis</strong></span> <span class='ocrx_word' id='word_1_64' title='bbox 956 729 1020 782; x_wconf 85' lang='lat' dir='ltr'><strong>civi-</strong></span> 
     </span>
     <span class='ocr_line' id='line_1_11' title="bbox 165 803 1020 874; baseline 0.001 -17"><span class='ocrx_word' id='word_1_65' title='bbox 165 805 269 859; x_wconf 90' lang='lat' dir='ltr'><strong>tatibus</strong></span> <span class='ocrx_word' id='word_1_66' title='bbox 288 806 381 874; x_wconf 89' lang='lat' dir='ltr'><strong>copiae</strong></span> <span class='ocrx_word' id='word_1_67' title='bbox 405 807 596 859; x_wconf 88' lang='lat' dir='ltr'><strong>convenerunt.</strong></span> <span class='ocrx_word' id='word_1_68' title='bbox 633 804 745 859; x_wconf 87' lang='lat' dir='ltr'><strong>Summa</strong></span> <span class='ocrx_word' id='word_1_69' title='bbox 768 805 875 874; x_wconf 84' lang='lat' dir='ltr'><strong>imperii</strong></span> <span class='ocrx_word' id='word_1_70' title='bbox 898 803 1020 859; x_wconf 76' lang='lat' dir='ltr'><strong>traditur</strong></span> 
     </span>
     <span class='ocr_line' id='line_1_12' title="bbox 165 881 1019 950; baseline -0.001 -16"><span class='ocrx_word' id='word_1_71' title='bbox 165 881 349 950; x_wconf 77' lang='lat' dir='ltr'><strong>Camulogeno</strong></span> <span class='ocrx_word' id='word_1_72' title='bbox 362 882 490 948; x_wconf 86' lang='lat' dir='ltr'><strong>Auleroo,</strong></span> <span class='ocrx_word' id='word_1_73' title='bbox 502 882 550 950; x_wconf 91' lang='lat' dir='ltr'><strong>qui</strong></span> <span class='ocrx_word' id='word_1_74' title='bbox 561 898 647 950; x_wconf 89' lang='lat' dir='ltr'><strong>prope</strong></span> <span class='ocrx_word' id='word_1_75' title='bbox 659 882 799 935; x_wconf 87' lang='lat' dir='ltr'><strong>confectus</strong></span> <span class='ocrx_word' id='word_1_76' title='bbox 814 884 914 948; x_wconf 87' lang='lat' dir='ltr'><strong>aetate,</strong></span> <span class='ocrx_word' id='word_1_77' title='bbox 925 885 1019 934; x_wconf 88' lang='lat' dir='ltr'><strong>tamen</strong></span> 
     </span>
     <span class='ocr_line' id='line_1_13' title="bbox 164 957 1020 1026; baseline 0 -17"><span class='ocrx_word' id='word_1_78' title='bbox 164 961 278 1026; x_wconf 89' lang='lat' dir='ltr'><strong>propter</strong></span> <span class='ocrx_word' id='word_1_79' title='bbox 296 958 461 1025; x_wconf 77' lang='lat' dir='ltr'><strong>singularem</strong></span> <span class='ocrx_word' id='word_1_80' title='bbox 479 957 622 1011; x_wconf 89' lang='lat' dir='ltr'><strong>scientiam</strong></span> <span class='ocrx_word' id='word_1_81' title='bbox 639 958 681 1011; x_wconf 92' lang='lat' dir='ltr'><strong>rei</strong></span> <span class='ocrx_word' id='word_1_82' title='bbox 698 957 826 1011; x_wconf 88' lang='lat' dir='ltr'><strong>militaris</strong></span> <span class='ocrx_word' id='word_1_83' title='bbox 842 958 879 1010; x_wconf 90' lang='lat' dir='ltr'><strong>ad</strong></span> <span class='ocrx_word' id='word_1_84' title='bbox 897 973 959 1011; x_wconf 90' lang='lat' dir='ltr'><strong>eum</strong></span> <span class='ocrx_word' id='word_1_85' title='bbox 976 960 1020 1010; x_wconf 91' lang='lat' dir='ltr'><strong>est</strong></span> 
     </span>
     <span class='ocr_line' id='line_1_14' title="bbox 164 1031 1018 1102; baseline 0.001 -18"><span class='ocrx_word' id='word_1_86' title='bbox 164 1031 292 1087; x_wconf 89' lang='lat' dir='ltr'><strong>honorem</strong></span> <span class='ocrx_word' id='word_1_87' title='bbox 304 1037 439 1088; x_wconf 88' lang='lat' dir='ltr'><strong>evocatus.</strong></span> <span class='ocrx_word' id='word_1_88' title='bbox 476 1034 506 1087; x_wconf 90' lang='lat' dir='ltr'><strong>ls</strong></span> <span class='ocrx_word' id='word_1_89' title='bbox 514 1050 599 1102; x_wconf 91' lang='lat' dir='ltr'><strong>quum</strong></span> <span class='ocrx_word' id='word_1_90' title='bbox 608 1033 848 1088; x_wconf 87' lang='lat' dir='ltr'><strong>animadvertisset</strong></span> <span class='ocrx_word' id='word_1_91' title='bbox 857 1037 1018 1102; x_wconf 87' lang='lat' dir='ltr'><strong>perpetuam</strong></span> 
     </span>
     <span class='ocr_line' id='line_1_15' title="bbox 165 1107 1017 1178; baseline 0 -18"><span class='ocrx_word' id='word_1_92' title='bbox 165 1123 226 1162; x_wconf 88' lang='lat' dir='ltr'><strong>esse</strong></span> <span class='ocrx_word' id='word_1_93' title='bbox 243 1109 371 1178; x_wconf 75' lang='lat' dir='ltr'><strong>paludem</strong></span> <span class='ocrx_word' id='word_1_94' title='bbox 390 1125 461 1177; x_wconf 87' lang='lat' dir='ltr'><strong>quae</strong></span> <span class='ocrx_word' id='word_1_95' title='bbox 478 1109 607 1163; x_wconf 89' lang='lat' dir='ltr'><strong>influeret</strong></span> <span class='ocrx_word' id='word_1_96' title='bbox 624 1108 653 1162; x_wconf 91' lang='lat' dir='ltr'><strong>in</strong></span> <span class='ocrx_word' id='word_1_97' title='bbox 671 1109 826 1177; x_wconf 80' lang='lat' dir='ltr'><strong>Sequanam</strong></span> <span class='ocrx_word' id='word_1_98' title='bbox 840 1114 925 1176; x_wconf 91' lang='lat' dir='ltr'><strong>atque</strong></span> <span class='ocrx_word' id='word_1_99' title='bbox 942 1107 1017 1161; x_wconf 77' lang='lat' dir='ltr'><strong>illuni</strong></span> 
     </span>
     <span class='ocr_line' id='line_1_16' title="bbox 164 1183 1019 1253; baseline -0.001 -17"><span class='ocrx_word' id='word_1_100' title='bbox 164 1199 272 1237; x_wconf 89' lang='lat' dir='ltr'><strong>omnem</strong></span> <span class='ocrx_word' id='word_1_101' title='bbox 290 1187 379 1239; x_wconf 89' lang='lat' dir='ltr'><strong>locum</strong></span> <span class='ocrx_word' id='word_1_102' title='bbox 397 1200 563 1253; x_wconf 83' lang='lat' dir='ltr'><strong>magnopere</strong></span> <span class='ocrx_word' id='word_1_103' title='bbox 581 1184 735 1253; x_wconf 89' lang='lat' dir='ltr'><strong>impediret,</strong></span> <span class='ocrx_word' id='word_1_104' title='bbox 754 1185 798 1238; x_wconf 91' lang='lat' dir='ltr'><strong>hic</strong></span> <span class='ocrx_word' id='word_1_105' title='bbox 815 1183 940 1237; x_wconf 82' lang='lat' dir='ltr'><strong>consedit</strong></span> <span class='ocrx_word' id='word_1_106' title='bbox 957 1199 1019 1236; x_wconf 80' lang='lat' dir='ltr'><strong>nos</strong></span> 
     </span>
     <span class='ocr_line' id='line_1_17' title="bbox 164 1261 704 1332; baseline 0.002 -20"><span class='ocrx_word' id='word_1_107' title='bbox 164 1262 277 1332; x_wconf 87' lang='lat' dir='ltr'><strong>trosque</strong></span> <span class='ocrx_word' id='word_1_108' title='bbox 289 1262 408 1326; x_wconf 77' lang='lat' dir='ltr'><strong>transitu</strong></span> <span class='ocrx_word' id='word_1_109' title='bbox 419 1261 565 1329; x_wconf 73' lang='lat' dir='ltr'><strong>probibere</strong></span> <span class='ocrx_word' id='word_1_110' title='bbox 577 1261 704 1314; x_wconf 89' lang='lat' dir='ltr'><strong>instituit.</strong></span> 
     </span>
    </p>

    <p class='ocr_par' dir='ltr' id='par_1_4' title="bbox 158 1333 1019 2603">
     <span class='ocr_line' id='line_1_18' title="bbox 216 1333 1019 1405; baseline -0.001 -16"><span class='ocrx_word' id='word_1_111' title='bbox 216 1344 256 1392; x_wconf 80' lang='grc'><strong>58.</strong></span> <span class='ocrx_word' id='word_1_112' title='bbox 294 1338 432 1393; x_wconf 84' lang='lat' dir='ltr'><strong>Labienus</strong></span> <span class='ocrx_word' id='word_1_113' title='bbox 455 1339 544 1405; x_wconf 90' lang='lat' dir='ltr'><strong>primo</strong></span> <span class='ocrx_word' id='word_1_114' title='bbox 567 1338 661 1389; x_wconf 77' lang='lat' dir='ltr'><strong>vineas</strong></span> <span class='ocrx_word' id='word_1_115' title='bbox 680 1350 770 1402; x_wconf 84' lang='lat' dir='ltr'><strong>agere,</strong></span> <span class='ocrx_word' id='word_1_116' title='bbox 790 1333 912 1387; x_wconf 84' lang='lat' dir='ltr'><strong>cratibus</strong></span> <span class='ocrx_word' id='word_1_117' title='bbox 933 1336 1019 1402; x_wconf 86' lang='lat' dir='ltr'><strong>atque</strong></span> 
     </span>
     <span class='ocr_line' id='line_1_19' title="bbox 163 1405 1018 1483; baseline -0.004 -17"><span class='ocrx_word' id='word_1_118' title='bbox 163 1405 264 1480; x_wconf 79' lang='lat' dir='ltr'><strong>aggere</strong></span> <span class='ocrx_word' id='word_1_119' title='bbox 281 1414 410 1483; x_wconf 82' lang='lat' dir='ltr'><strong>paludem</strong></span> <span class='ocrx_word' id='word_1_120' title='bbox 428 1414 539 1482; x_wconf 85' lang='lat' dir='ltr'><strong>explere</strong></span> <span class='ocrx_word' id='word_1_121' title='bbox 559 1417 644 1481; x_wconf 91' lang='lat' dir='ltr'><strong>atque</strong></span> <span class='ocrx_word' id='word_1_122' title='bbox 661 1411 716 1464; x_wconf 90' lang='lat' dir='ltr'><strong>iter</strong></span> <span class='ocrx_word' id='word_1_123' title='bbox 732 1410 839 1463; x_wconf 91' lang='lat' dir='ltr'><strong>munire</strong></span> <span class='ocrx_word' id='word_1_124' title='bbox 859 1409 1018 1464; x_wconf 82' lang='lat' dir='ltr'><strong>conabatur.</strong></span> 
     </span>
     <span class='ocr_line' id='line_1_20' title="bbox 164 1482 1019 1560; baseline -0.002 -19"><span class='ocrx_word' id='word_1_125' title='bbox 164 1487 313 1558; x_wconf 85' lang='lat' dir='ltr'><strong>Postquam</strong></span> <span class='ocrx_word' id='word_1_126' title='bbox 338 1490 367 1544; x_wconf 91' lang='lat' dir='ltr'><strong>id</strong></span> <span class='ocrx_word' id='word_1_127' title='bbox 391 1490 527 1544; x_wconf 91' lang='lat' dir='ltr'><strong>difficilius</strong></span> <span class='ocrx_word' id='word_1_128' title='bbox 551 1488 611 1542; x_wconf 86' lang='lat' dir='ltr'><strong>lieri</strong></span> <span class='ocrx_word' id='word_1_129' title='bbox 639 1482 841 1560; x_wconf 84' lang='lat' dir='ltr'><strong>animadvertit,</strong></span> <span class='ocrx_word' id='word_1_130' title='bbox 865 1485 973 1539; x_wconf 90' lang='lat' dir='ltr'><strong>silentio</strong></span> <span class='ocrx_word' id='word_1_131' title='bbox 1003 1502 1019 1539; x_wconf 92' lang='lat' dir='ltr'><strong>e</strong></span> 
     </span>
     <span class='ocr_line' id='line_1_21' title="bbox 162 1562 1019 1634; baseline -0.002 -17"><span class='ocrx_word' id='word_1_132' title='bbox 162 1566 259 1618; x_wconf 86' lang='lat' dir='ltr'><strong>eastris</strong></span> <span class='ocrx_word' id='word_1_133' title='bbox 271 1565 354 1619; x_wconf 84' lang='lat' dir='ltr'><strong>tertia</strong></span> <span class='ocrx_word' id='word_1_134' title='bbox 366 1566 457 1634; x_wconf 80' lang='lat' dir='ltr'><strong>vigilia</strong></span> <span class='ocrx_word' id='word_1_135' title='bbox 474 1580 600 1633; x_wconf 79' lang='lat' dir='ltr'><strong>egressus</strong></span> <span class='ocrx_word' id='word_1_136' title='bbox 613 1563 711 1617; x_wconf 89' lang='lat' dir='ltr'><strong>eodem</strong></span> <span class='ocrx_word' id='word_1_137' title='bbox 725 1579 780 1631; x_wconf 92' lang='lat' dir='ltr'><strong>quo</strong></span> <span class='ocrx_word' id='word_1_138' title='bbox 791 1565 905 1616; x_wconf 87' lang='lat' dir='ltr'><strong>venerat</strong></span> <span class='ocrx_word' id='word_1_139' title='bbox 919 1562 1019 1616; x_wconf 89' lang='lat' dir='ltr'><strong>itinere</strong></span> 
     </span>
     <span class='ocr_line' id='line_1_22' title="bbox 163 1638 1018 1709; baseline -0.004 -16"><span class='ocrx_word' id='word_1_140' title='bbox 163 1639 342 1694; x_wconf 89' lang='lat' dir='ltr'><strong>Melodunum</strong></span> <span class='ocrx_word' id='word_1_141' title='bbox 365 1640 498 1709; x_wconf 82' lang='lat' dir='ltr'><strong>pervenit</strong></span> <span class='ocrx_word' id='word_1_142' title='bbox 542 1638 578 1693; x_wconf 91' lang='lat' dir='ltr'><strong>Id</strong></span> <span class='ocrx_word' id='word_1_143' title='bbox 602 1644 644 1694; x_wconf 90' lang='lat' dir='ltr'><strong>est</strong></span> <span class='ocrx_word' id='word_1_144' title='bbox 671 1638 801 1707; x_wconf 88' lang='lat' dir='ltr'><strong>oppidum</strong></span> <span class='ocrx_word' id='word_1_145' title='bbox 830 1638 966 1693; x_wconf 83' lang='lat' dir='ltr'><strong>Senonum</strong></span> <span class='ocrx_word' id='word_1_146' title='bbox 990 1638 1018 1691; x_wconf 92' lang='lat' dir='ltr'><strong>in</strong></span> 
     </span>
     <span class='ocr_line' id='line_1_23' title="bbox 161 1714 1018 1786; baseline -0.002 -18"><span class='ocrx_word' id='word_1_147' title='bbox 161 1715 251 1770; x_wconf 90' lang='lat' dir='ltr'><strong>insula</strong></span> <span class='ocrx_word' id='word_1_148' title='bbox 263 1717 404 1786; x_wconf 82' lang='lat' dir='ltr'><strong>Sequanae</strong></span> <span class='ocrx_word' id='word_1_149' title='bbox 416 1716 544 1786; x_wconf 88' lang='lat' dir='ltr'><strong>positum,</strong></span> <span class='ocrx_word' id='word_1_150' title='bbox 557 1719 590 1769; x_wconf 91' lang='lat' dir='ltr'><strong>ut</strong></span> <span class='ocrx_word' id='word_1_151' title='bbox 603 1715 694 1784; x_wconf 89' lang='lat' dir='ltr'><strong>paullo</strong></span> <span class='ocrx_word' id='word_1_152' title='bbox 710 1719 776 1769; x_wconf 91' lang='lat' dir='ltr'><strong>ante</strong></span> <span class='ocrx_word' id='word_1_153' title='bbox 794 1715 933 1769; x_wconf 82' lang='lat' dir='ltr'><strong>Lutetiam</strong></span> <span class='ocrx_word' id='word_1_154' title='bbox 948 1714 1018 1767; x_wconf 84' lang='lat' dir='ltr'><strong>dixi-</strong></span> 
     </span>
     <span class='ocr_line' id='line_1_24' title="bbox 162 1790 1018 1862; baseline -0.002 -18"><span class='ocrx_word' id='word_1_155' title='bbox 162 1807 230 1846; x_wconf 90' lang='lat' dir='ltr'><strong>mus.</strong></span> <span class='ocrx_word' id='word_1_156' title='bbox 267 1794 452 1862; x_wconf 88' lang='lat' dir='ltr'><strong>Deprehensis</strong></span> <span class='ocrx_word' id='word_1_157' title='bbox 465 1793 580 1845; x_wconf 88' lang='lat' dir='ltr'><strong>navibus</strong></span> <span class='ocrx_word' id='word_1_158' title='bbox 596 1793 705 1845; x_wconf 90' lang='lat' dir='ltr'><strong>circiter</strong></span> <span class='ocrx_word' id='word_1_159' title='bbox 723 1806 739 1842; x_wconf 72' lang='grc' dir='ltr'><strong>ι,</strong></span> <span class='ocrx_word' id='word_1_160' title='bbox 756 1790 939 1859; x_wconf 88' lang='lat' dir='ltr'><strong>celeriterque</strong></span> <span class='ocrx_word' id='word_1_161' title='bbox 957 1807 1018 1843; x_wconf 91' lang='lat' dir='ltr'><strong>con-</strong></span> 
     </span>
     <span class='ocr_line' id='line_1_25' title="bbox 158 1865 1017 1937; baseline -0.001 -17"><span class='ocrx_word' id='word_1_162' title='bbox 158 1865 271 1935; x_wconf 83' lang='lat' dir='ltr'><strong>junctis,</strong></span> <span class='ocrx_word' id='word_1_163' title='bbox 288 1875 373 1937; x_wconf 89' lang='lat' dir='ltr'><strong>atque</strong></span> <span class='ocrx_word' id='word_1_164' title='bbox 396 1885 428 1921; x_wconf 89' lang='lat' dir='ltr'><strong>eo</strong></span> <span class='ocrx_word' id='word_1_165' title='bbox 452 1868 586 1921; x_wconf 89' lang='lat' dir='ltr'><strong>militibus</strong></span> <span class='ocrx_word' id='word_1_166' title='bbox 609 1866 751 1934; x_wconf 84' lang='lat' dir='ltr'><strong>impositis,</strong></span> <span class='ocrx_word' id='word_1_167' title='bbox 777 1869 806 1919; x_wconf 93' lang='lat' dir='ltr'><strong>et</strong></span> <span class='ocrx_word' id='word_1_168' title='bbox 830 1865 871 1919; x_wconf 88' lang='lat' dir='ltr'><strong>rei</strong></span> <span class='ocrx_word' id='word_1_169' title='bbox 895 1865 1017 1919; x_wconf 81' lang='lat' dir='ltr'><strong>novitate</strong></span> 
     </span>
     <span class='ocr_line' id='line_1_26' title="bbox 161 1940 1017 2013; baseline -0.004 -17"><span class='ocrx_word' id='word_1_170' title='bbox 161 1945 318 2012; x_wconf 67' lang='lat' dir='ltr'><strong>perterritis</strong></span> <span class='ocrx_word' id='word_1_171' title='bbox 336 1943 487 2013; x_wconf 89' lang='lat' dir='ltr'><strong>oppidanis,</strong></span> <span class='ocrx_word' id='word_1_172' title='bbox 506 1959 622 2011; x_wconf 88' lang='lat' dir='ltr'><strong>quorum</strong></span> <span class='ocrx_word' id='word_1_173' title='bbox 646 1958 745 2009; x_wconf 47' lang='grc' dir='ltr'>ιιιιιυσιιιι</span> <span class='ocrx_word' id='word_1_174' title='bbox 768 1958 831 2009; x_wconf 90' lang='lat' dir='ltr'><strong>pars</strong></span> <span class='ocrx_word' id='word_1_175' title='bbox 855 1941 892 1994; x_wconf 92' lang='lat' dir='ltr'><strong>ad</strong></span> <span class='ocrx_word' id='word_1_176' title='bbox 914 1940 1017 1995; x_wconf 91' lang='lat' dir='ltr'><strong>bellum</strong></span> 
     </span>
     <span class='ocr_line' id='line_1_27' title="bbox 163 2016 1017 2086; baseline -0.006 -11"><span class='ocrx_word' id='word_1_177' title='bbox 163 2023 224 2075; x_wconf 88' lang='lat' dir='ltr'><strong>erat</strong></span> <span class='ocrx_word' id='word_1_178' title='bbox 240 2026 360 2086; x_wconf 86' lang='lat' dir='ltr'><strong>evocata,</strong></span> <span class='ocrx_word' id='word_1_179' title='bbox 374 2021 431 2074; x_wconf 90' lang='lat' dir='ltr'><strong>sine</strong></span> <span class='ocrx_word' id='word_1_180' title='bbox 447 2018 622 2076; x_wconf 89' lang='lat' dir='ltr'><strong>contentione</strong></span> <span class='ocrx_word' id='word_1_181' title='bbox 638 2017 739 2086; x_wconf 89' lang='lat' dir='ltr'><strong>oppido</strong></span> <span class='ocrx_word' id='word_1_182' title='bbox 754 2017 866 2085; x_wconf 87' lang='lat' dir='ltr'><strong>potitur.</strong></span> <span class='ocrx_word' id='word_1_183' title='bbox 903 2016 1017 2070; x_wconf 86' lang='lat' dir='ltr'><strong>Refecto</strong></span> 
     </span>
     <span class='ocr_line' id='line_1_28' title="bbox 161 2089 1017 2165; baseline -0.005 -17"><span class='ocrx_word' id='word_1_184' title='bbox 161 2099 254 2163; x_wconf 89' lang='lat' dir='ltr'><strong>ponte,</strong></span> <span class='ocrx_word' id='word_1_185' title='bbox 279 2112 360 2165; x_wconf 90' lang='lat' dir='ltr'><strong>quem</strong></span> <span class='ocrx_word' id='word_1_186' title='bbox 385 2092 575 2163; x_wconf 85' lang='lat' dir='ltr'><strong>superioribus</strong></span> <span class='ocrx_word' id='word_1_187' title='bbox 598 2091 696 2147; x_wconf 91' lang='lat' dir='ltr'><strong>diebus</strong></span> <span class='ocrx_word' id='word_1_188' title='bbox 724 2091 816 2144; x_wconf 90' lang='lat' dir='ltr'><strong>hostes</strong></span> <span class='ocrx_word' id='word_1_189' title='bbox 840 2089 1017 2158; x_wconf 75' lang='lat' dir='ltr'><strong>resciderunt,</strong></span> 
     </span>
     <span class='ocr_line' id='line_1_29' title="bbox 162 2165 1016 2238; baseline -0.006 -14"><span class='ocrx_word' id='word_1_190' title='bbox 162 2172 313 2226; x_wconf 83' lang='lat' dir='ltr'><strong>exereitum</strong></span> <span class='ocrx_word' id='word_1_191' title='bbox 333 2171 495 2238; x_wconf 86' lang='lat' dir='ltr'><strong>transducit,</strong></span> <span class='ocrx_word' id='word_1_192' title='bbox 512 2174 541 2224; x_wconf 92' lang='lat' dir='ltr'><strong>et</strong></span> <span class='ocrx_word' id='word_1_193' title='bbox 560 2169 681 2225; x_wconf 87' lang='lat' dir='ltr'><strong>secundo</strong></span> <span class='ocrx_word' id='word_1_194' title='bbox 697 2167 808 2220; x_wconf 88' lang='lat' dir='ltr'><strong>llumino</strong></span> <span class='ocrx_word' id='word_1_195' title='bbox 824 2166 861 2219; x_wconf 89' lang='lat' dir='ltr'><strong>ad</strong></span> <span class='ocrx_word' id='word_1_196' title='bbox 877 2165 1016 2219; x_wconf 88' lang='lat' dir='ltr'><strong>Lutetiam</strong></span> 
     </span>
     <span class='ocr_line' id='line_1_30' title="bbox 162 2241 1017 2316; baseline -0.005 -17"><span class='ocrx_word' id='word_1_197' title='bbox 162 2246 217 2299; x_wconf 91' lang='lat' dir='ltr'><strong>iter</strong></span> <span class='ocrx_word' id='word_1_198' title='bbox 240 2247 331 2301; x_wconf 86' lang='lat' dir='ltr'><strong>lacere</strong></span> <span class='ocrx_word' id='word_1_199' title='bbox 353 2248 451 2316; x_wconf 87' lang='lat' dir='ltr'><strong>eoepit.</strong></span> <span class='ocrx_word' id='word_1_200' title='bbox 488 2246 599 2312; x_wconf 88' lang='lat' dir='ltr'><strong>Hostes,</strong></span> <span class='ocrx_word' id='word_1_201' title='bbox 623 2263 654 2299; x_wconf 87' lang='lat' dir='ltr'><strong>re</strong></span> <span class='ocrx_word' id='word_1_202' title='bbox 678 2244 788 2311; x_wconf 83' lang='lat' dir='ltr'><strong>cognita</strong></span> <span class='ocrx_word' id='word_1_203' title='bbox 808 2241 894 2296; x_wconf 87' lang='lat' dir='ltr'><strong>abiis</strong></span> <span class='ocrx_word' id='word_1_204' title='bbox 912 2242 960 2310; x_wconf 89' lang='lat' dir='ltr'><strong>qui</strong></span> <span class='ocrx_word' id='word_1_205' title='bbox 978 2241 1017 2311; x_wconf 87' lang='lat' dir='ltr'><strong>[a]</strong></span> 
     </span>
     <span class='ocr_line' id='line_1_31' title="bbox 163 2317 1017 2393; baseline -0.002 -19"><span class='ocrx_word' id='word_1_206' title='bbox 163 2321 310 2377; x_wconf 89' lang='lat' dir='ltr'><strong>Meloduno</strong></span> <span class='ocrx_word' id='word_1_207' title='bbox 321 2324 506 2393; x_wconf 86' lang='lat' dir='ltr'><strong>profugerant,</strong></span> <span class='ocrx_word' id='word_1_208' title='bbox 519 2323 659 2377; x_wconf 91' lang='lat' dir='ltr'><strong>Lutetiam</strong></span> <span class='ocrx_word' id='word_1_209' title='bbox 671 2319 780 2374; x_wconf 90' lang='lat' dir='ltr'><strong>incendi</strong></span> <span class='ocrx_word' id='word_1_210' title='bbox 791 2322 944 2388; x_wconf 85' lang='lat' dir='ltr'><strong>pontesque</strong></span> <span class='ocrx_word' id='word_1_211' title='bbox 956 2317 1017 2386; x_wconf 88' lang='lat' dir='ltr'><strong>ejus</strong></span> 
     </span>
     <span class='ocr_line' id='line_1_32' title="bbox 162 2394 1017 2468; baseline -0.005 -18"><span class='ocrx_word' id='word_1_212' title='bbox 162 2396 256 2466; x_wconf 87' lang='lat' dir='ltr'><strong>oppidi</strong></span> <span class='ocrx_word' id='word_1_213' title='bbox 274 2400 391 2453; x_wconf 87' lang='lat' dir='ltr'><strong>rescindi</strong></span> <span class='ocrx_word' id='word_1_214' title='bbox 405 2399 519 2468; x_wconf 90' lang='lat' dir='ltr'><strong>jubent:</strong></span> <span class='ocrx_word' id='word_1_215' title='bbox 539 2399 590 2467; x_wconf 91' lang='lat' dir='ltr'><strong>ipsi</strong></span> <span class='ocrx_word' id='word_1_216' title='bbox 608 2396 723 2465; x_wconf 86' lang='lat' dir='ltr'><strong>profecti</strong></span> <span class='ocrx_word' id='word_1_217' title='bbox 741 2412 757 2449; x_wconf 91' lang='lat' dir='ltr'><strong>a</strong></span> <span class='ocrx_word' id='word_1_218' title='bbox 775 2394 875 2463; x_wconf 91' lang='lat' dir='ltr'><strong>palude</strong></span> <span class='ocrx_word' id='word_1_219' title='bbox 897 2394 927 2447; x_wconf 91' lang='lat' dir='ltr'><strong>in</strong></span> <span class='ocrx_word' id='word_1_220' title='bbox 949 2394 1017 2462; x_wconf 86' lang='lat' dir='ltr'><strong>ripis</strong></span> 
     </span>
     <span class='ocr_line' id='line_1_33' title="bbox 163 2470 1017 2544; baseline -0.006 -17"><span class='ocrx_word' id='word_1_221' title='bbox 163 2474 305 2542; x_wconf 88' lang='lat' dir='ltr'><strong>Sequanae</strong></span> <span class='ocrx_word' id='word_1_222' title='bbox 316 2492 332 2528; x_wconf 93' lang='lat' dir='ltr'><strong>e</strong></span> <span class='ocrx_word' id='word_1_223' title='bbox 343 2476 456 2544; x_wconf 79' lang='lat' dir='ltr'><strong>regione</strong></span> <span class='ocrx_word' id='word_1_224' title='bbox 467 2474 596 2528; x_wconf 87' lang='lat' dir='ltr'><strong>Lutetiae</strong></span> <span class='ocrx_word' id='word_1_225' title='bbox 608 2475 703 2527; x_wconf 81' lang='lat' dir='ltr'><strong>eontra</strong></span> <span class='ocrx_word' id='word_1_226' title='bbox 718 2470 832 2525; x_wconf 84' lang='lat' dir='ltr'><strong>Labieni</strong></span> <span class='ocrx_word' id='word_1_227' title='bbox 848 2473 939 2524; x_wconf 89' lang='lat' dir='ltr'><strong>castra</strong></span> <span class='ocrx_word' id='word_1_228' title='bbox 954 2486 1017 2523; x_wconf 86' lang='lat' dir='ltr'><strong>eon-</strong></span> 
     </span>
     <span class='ocr_line' id='line_1_34' title="bbox 163 2549 265 2603; baseline 0.01 -1"><span class='ocrx_word' id='word_1_229' title='bbox 163 2549 265 2603; x_wconf 85' lang='lat' dir='ltr'><strong>sidunt.</strong></span> 
     </span>
    </p>

    <p class='ocr_par' dir='ltr' id='par_1_5' title="bbox 156 2621 1016 3225">
     <span class='ocr_line' id='line_1_35' title="bbox 214 2621 1015 2691; baseline -0.004 -13"><span class='ocrx_word' id='word_1_230' title='bbox 214 2631 255 2679; x_wconf 87' lang='lat'><strong>59.</strong></span> <span class='ocrx_word' id='word_1_231' title='bbox 290 2625 355 2679; x_wconf 88' lang='lat' dir='ltr'><strong>Jam</strong></span> <span class='ocrx_word' id='word_1_232' title='bbox 368 2626 469 2680; x_wconf 78' lang='lat' dir='ltr'><strong>Caesar</strong></span> <span class='ocrx_word' id='word_1_233' title='bbox 481 2641 498 2678; x_wconf 90' lang='lat' dir='ltr'><strong>a</strong></span> <span class='ocrx_word' id='word_1_234' title='bbox 510 2624 647 2691; x_wconf 84' lang='lat' dir='ltr'><strong>Gergovia</strong></span> <span class='ocrx_word' id='word_1_235' title='bbox 665 2621 823 2676; x_wconf 88' lang='lat' dir='ltr'><strong>discessisse</strong></span> <span class='ocrx_word' id='word_1_236' title='bbox 838 2622 1015 2687; x_wconf 90' lang='lat' dir='ltr'><strong>audiebatur;</strong></span> 
     </span>
     <span class='ocr_line' id='line_1_36' title="bbox 156 2698 1016 2771; baseline -0.002 -17"><span class='ocrx_word' id='word_1_237' title='bbox 156 2701 218 2771; x_wconf 88' lang='lat' dir='ltr'><strong>jam</strong></span> <span class='ocrx_word' id='word_1_238' title='bbox 236 2702 271 2756; x_wconf 91' lang='lat' dir='ltr'><strong>de</strong></span> <span class='ocrx_word' id='word_1_239' title='bbox 286 2701 449 2756; x_wconf 85' lang='lat' dir='ltr'><strong>Aeduorum</strong></span> <span class='ocrx_word' id='word_1_240' title='bbox 463 2700 619 2754; x_wconf 83' lang='lat' dir='ltr'><strong>&#39;defectione</strong></span> <span class='ocrx_word' id='word_1_241' title='bbox 634 2702 663 2752; x_wconf 91' lang='lat' dir='ltr'><strong>et</strong></span> <span class='ocrx_word' id='word_1_242' title='bbox 678 2698 797 2752; x_wconf 87' lang='lat' dir='ltr'><strong>secundo</strong></span> <span class='ocrx_word' id='word_1_243' title='bbox 816 2698 921 2752; x_wconf 86' lang='lat' dir='ltr'><strong>Galliae</strong></span> <span class='ocrx_word' id='word_1_244' title='bbox 939 2703 1016 2752; x_wconf 90' lang='lat' dir='ltr'><strong>motu</strong></span> 
     </span>
     <span class='ocr_line' id='line_1_37' title="bbox 162 2773 1015 2844; baseline -0.005 -13"><span class='ocrx_word' id='word_1_245' title='bbox 162 2794 286 2831; x_wconf 90' lang='lat' dir='ltr'><strong>rumores</strong></span> <span class='ocrx_word' id='word_1_246' title='bbox 297 2773 487 2843; x_wconf 80' lang='lat' dir='ltr'><strong>afferebantur,</strong></span> <span class='ocrx_word' id='word_1_247' title='bbox 500 2775 629 2844; x_wconf 84' lang='lat' dir='ltr'><strong>Gallique</strong></span> <span class='ocrx_word' id='word_1_248' title='bbox 643 2774 671 2827; x_wconf 89' lang='lat' dir='ltr'><strong>in</strong></span> <span class='ocrx_word' id='word_1_249' title='bbox 687 2774 827 2843; x_wconf 88' lang='lat' dir='ltr'><strong>colloquiis</strong></span> <span class='ocrx_word' id='word_1_250' title='bbox 839 2773 1015 2828; x_wconf 89' lang='lat' dir='ltr'><strong>interclusum</strong></span> 
     </span>
     <span class='ocr_line' id='line_1_38' title="bbox 160 2849 1015 2921; baseline -0.005 -17"><span class='ocrx_word' id='word_1_251' title='bbox 160 2849 261 2907; x_wconf 88' lang='lat' dir='ltr'><strong>itinere</strong></span> <span class='ocrx_word' id='word_1_252' title='bbox 273 2852 413 2921; x_wconf 59' lang='lat' dir='ltr'><strong>et‘Ligeri</strong></span> <span class='ocrx_word' id='word_1_253' title='bbox 431 2852 577 2907; x_wconf 76' lang='lat' dir='ltr'><strong>Gaesarem</strong></span> <span class='ocrx_word' id='word_1_254' title='bbox 590 2850 682 2919; x_wconf 89' lang='lat' dir='ltr'><strong>inopia</strong></span> <span class='ocrx_word' id='word_1_255' title='bbox 698 2851 828 2904; x_wconf 87' lang='lat' dir='ltr'><strong>frumenti</strong></span> <span class='ocrx_word' id='word_1_256' title='bbox 846 2853 969 2903; x_wconf 89' lang='lat' dir='ltr'><strong>coactum</strong></span> <span class='ocrx_word' id='word_1_257' title='bbox 987 2850 1015 2902; x_wconf 92' lang='lat' dir='ltr'><strong>in</strong></span> 
     </span>
     <span class='ocr_line' id='line_1_39' title="bbox 163 2925 1015 2997; baseline -0.002 -17"><span class='ocrx_word' id='word_1_258' title='bbox 163 2928 328 2997; x_wconf 78' lang='lat' dir='ltr'><strong>provinciam</strong></span> <span class='ocrx_word' id='word_1_259' title='bbox 343 2927 516 2982; x_wconf 90' lang='lat' dir='ltr'><strong>contendisse</strong></span> <span class='ocrx_word' id='word_1_260' title='bbox 530 2925 734 2981; x_wconf 88' lang='lat' dir='ltr'><strong>confirmabant.</strong></span> <span class='ocrx_word' id='word_1_261' title='bbox 772 2926 907 2980; x_wconf 85' lang='lat' dir='ltr'><strong>Bellovaci</strong></span> <span class='ocrx_word' id='word_1_262' title='bbox 923 2928 1015 2979; x_wconf 89' lang='lat' dir='ltr'><strong>autem</strong></span> 
     </span>
     <span class='ocr_line' id='line_1_40' title="bbox 163 3002 1015 3071; baseline -0.006 -15"><span class='ocrx_word' id='word_1_263' title='bbox 163 3003 317 3057; x_wconf 87' lang='lat' dir='ltr'><strong>defectione</strong></span> <span class='ocrx_word' id='word_1_264' title='bbox 342 3004 503 3058; x_wconf 80' lang='lat' dir='ltr'><strong>Aeduorum</strong></span> <span class='ocrx_word' id='word_1_265' title='bbox 522 3003 639 3071; x_wconf 76' lang='lat' dir='ltr'><strong>cognita,</strong></span> <span class='ocrx_word' id='word_1_266' title='bbox 661 3002 710 3071; x_wconf 88' lang='lat' dir='ltr'><strong>qui</strong></span> <span class='ocrx_word' id='word_1_267' title='bbox 729 3006 794 3056; x_wconf 87' lang='lat' dir='ltr'><strong>ante</strong></span> <span class='ocrx_word' id='word_1_268' title='bbox 812 3004 891 3054; x_wconf 81' lang='lat' dir='ltr'><strong>era-nt</strong></span> <span class='ocrx_word' id='word_1_269' title='bbox 911 3017 962 3069; x_wconf 89' lang='lat' dir='ltr'><strong>per</strong></span> <span class='ocrx_word' id='word_1_270' title='bbox 984 3015 1015 3051; x_wconf 91' lang='lat' dir='ltr'><strong>se</strong></span> 
     </span>
     <span class='ocr_line' id='line_1_41' title="bbox 162 3076 1014 3147; baseline -0.008 -15"><span class='ocrx_word' id='word_1_271' title='bbox 162 3079 294 3146; x_wconf 87' lang='lat' dir='ltr'><strong>infideles,</strong></span> <span class='ocrx_word' id='word_1_272' title='bbox 317 3096 413 3132; x_wconf 87' lang='lat' dir='ltr'><strong>manus</strong></span> <span class='ocrx_word' id='word_1_273' title='bbox 437 3096 535 3147; x_wconf 85' lang='lat' dir='ltr'><strong>eogere</strong></span> <span class='ocrx_word' id='word_1_274' title='bbox 563 3082 648 3146; x_wconf 87' lang='lat' dir='ltr'><strong>atque</strong></span> <span class='ocrx_word' id='word_1_275' title='bbox 672 3082 768 3146; x_wconf 90' lang='lat' dir='ltr'><strong>aperte</strong></span> <span class='ocrx_word' id='word_1_276' title='bbox 790 3076 892 3132; x_wconf 91' lang='lat' dir='ltr'><strong>bellum</strong></span> <span class='ocrx_word' id='word_1_277' title='bbox 917 3089 1014 3142; x_wconf 89' lang='lat' dir='ltr'><strong>parare</strong></span> 
     </span>
     <span class='ocr_line' id='line_1_42' title="bbox 163 3149 1013 3225; baseline -0.014 -14"><span class='ocrx_word' id='word_1_278' title='bbox 163 3158 320 3225; x_wconf 89' lang='lat' dir='ltr'><strong>coeperunt.</strong></span> <span class='ocrx_word' id='word_1_279' title='bbox 356 3156 424 3208; x_wconf 84' lang='lat' dir='ltr'><strong>Tum</strong></span> <span class='ocrx_word' id='word_1_280' title='bbox 442 3154 578 3209; x_wconf 87' lang='lat' dir='ltr'><strong>Labienus</strong></span> <span class='ocrx_word' id='word_1_281' title='bbox 595 3156 674 3208; x_wconf 84' lang='lat' dir='ltr'><strong>tanta</strong></span> <span class='ocrx_word' id='word_1_282' title='bbox 694 3170 786 3206; x_wconf 87' lang='lat' dir='ltr'><strong>rerum</strong></span> <span class='ocrx_word' id='word_1_283' title='bbox 804 3149 1013 3205; x_wconf 88' lang='lat' dir='ltr'><strong>commutatione</strong></span> 
     </span>
    </p>
   </div>
   <div class='ocr_carea' id='block_1_3' title="bbox 0 0 1092 3409">
    <p class='ocr_par' dir='ltr' id='par_1_6' title="bbox 0 0 1092 3409">
     <span class='ocr_line' id='line_1_43' title="bbox 0 0 1092 3409; baseline 0 2"><span class='ocrx_word' id='word_1_284' title='bbox 0 0 1092 3409; x_wconf 95' lang='lat' dir='ltr'><strong> </strong></span> 
     </span>
    </p>
   </div>
  </div>
 </body>
</html>
