2175 3409
97 98 144 144 166
374 92 404 139 0.
422 91 440 139 J
443 88 524 138 ULII
540 86 714 135 CAESARIS

96 176 213 231 hsbcret
224 173 276 228 sub
287 176 397 240 tempus
408 170 574 223 aestivorum
585 166 690 221 nullum
702 181 839 220 summum
849 165 955 222 bellum

96 269 176 323 posse
196 250 314 316 conflari,
336 247 364 302 C.
383 245 549 300 Trebonium
572 260 635 298 cum
658 257 681 296 11
704 242 857 310 legionibus
883 261 954 312 quas

96 347 188 384 000001
200 326 321 381 habebat
333 326 361 378 in
373 322 494 377 hibernis
507 320 613 377 Genabl
626 319 781 385 collocavit;
791 321 858 389 ipse,
868 338 954 389 quum

95 407 199 461 crebris
210 402 393 473 legationibus
407 400 556 454 Remorum
571 398 672 453 certior
686 398 774 465 fieret,
787 398 953 466 Bellovacos,

96 485 144 551 qui
167 482 232 536 belli
252 480 339 550 gloria
357 477 450 532 Gallos
468 493 562 530 omnes
586 474 743 543 Belgasque
766 475 953 545 praestabant,

96 559 281 626 finitimosque
293 557 336 610 his
348 555 474 610 civitates
485 553 557 607 duce
569 553 671 607 Correo
681 551 825 605 Bellovaco
834 555 864 606 et
873 552 954 607 (lom-

96 636 151 689 mio
165 634 301 688 Atrebate
314 632 450 688 exercitus
461 646 620 700 comparare
631 631 716 698 atque
726 630 756 683 in
767 645 852 683 00001
863 629 953 683 locum

95 727 202 779 cogere,
226 714 258 765 ut
275 709 348 763 omni
371 707 549 762 multitudine
566 706 595 760 in
613 707 682 760 fines
700 706 883 771 Suessionum,
905 706 953 775 qui

97 787 191 841 Remis
203 789 284 841 crant
300 785 436 852 attributi,
449 784 573 838 facerent
586 782 801 852 impressionem,
812 781 954 850 pertinere

97 868 190 918 autem
203 879 256 916 000
269 866 378 917 tantum
390 861 426 914 ad
438 861 612 929 dignitatem,
625 857 772 912 sedetiam
783 858 820 912 sd
834 859 953 913 salutem

96 955 173 993 suam
181 938 328 1008 judicaret,
340 938 443 992 nullam
455 937 640 991 calamitatem
652 935 738 989 socios
750 935 853 1003 optime
869 935 906 988 de
920 952 953 989 re

96 1015 206 1084 publica
229 1015 343 1070 meritos
361 1014 492 1082 accipere,
510 1013 648 1080 legionem
665 1028 701 1066 ex
718 1011 840 1065 hibernis
857 1016 953 1067 evocet

96 1108 191 1146 rursus
203 1107 241 1158 m,
254 1092 362 1146 litteras
373 1093 466 1143 autem
477 1089 514 1143 ad
526 1089 557 1144 (l.
569 1088 684 1143 Fabium
696 1088 791 1155 mittit,
800 1092 833 1142 ut
843 1087 871 1141 iu
884 1089 953 1143 fines

97 1168 271 1223 Suessionum
284 1168 403 1236 legiones
415 1181 438 1219 11
450 1182 518 1235 quas
527 1164 649 1219 habebat
657 1164 816 1232 adduceret,
826 1165 953 1220 alteram-

97 1260 152 1311 que
175 1261 209 1298 ex
228 1244 335 1299 duabus
352 1242 386 1296 ab
404 1242 434 1296 ’1.
452 1241 574 1296 Labieno
592 1241 713 1295 arcessit.
750 1241 797 1295 Ita
820 1247 952 1310 quantum

97 1319 274 1374 hibernorum
286 1319 478 1388 opportunitas
489 1317 609 1386 bellique
625 1317 697 1371 ratio
711 1317 874 1385 postulabat,
890 1335 952 1387 per

96 1398 181 1463 petuo
193 1412 242 1449 000
254 1396 346 1449 labore
358 1394 387 1447 in
398 1395 484 1449 vicem
496 1393 649 1462 legionibus
661 1393 868 1463 expeditionum
883 1411 952 1449 onus

97 1470 265 1539 injungebat.

150 1550 175 1604 7.
212 1548 265 1601 His
288 1547 373 1617 copiis
396 1545 497 1600 coactis
520 1545 558 1599 ad
581 1544 740 1601 Bellovacos
762 1548 952 1617 proficiscitur,

97 1622 248 1690 castrisque
271 1623 300 1676 in
323 1638 418 1675 eorum
441 1623 541 1676 finibus
569 1622 667 1691 positis
695 1623 820 1691 equitum
847 1628 952 1679 turmas

98 1698 214 1751 dimittit
226 1698 255 1751 in
266 1714 360 1752 omnes
372 1702 466 1765 partes
477 1698 514 1752 ad
530 1698 635 1765 aliquos
651 1699 827 1768 excipiendos
842 1718 877 1756 ex
893 1702 952 1771 qui-

98 1774 149 1828 bus
161 1775 280 1828 110011οι11
293 1775 405 1849 consilia
416 1778 600 1848 cognosceret.
636 1774 752 1844 Equites
764 1777 851 1831 officio
865 1778 952 1832 functi

97 1852 259 1905 renunciant
269 1867 370 1920 paucos
380 1852 409 1905 in
424 1846 557 1906 aedificiis
570 1867 632 1905 esse
646 1851 778 1919 inventes,
794 1857 879 1923 atque
895 1854 952 1919 hos,

97 1944 151 1981 non
164 1928 211 1996 qui
229 1944 357 1996 agrorum
374 1927 549 1982 colendorum
565 1943 648 1981 causa
664 1928 866 1997 remansissent,
877 1947 953 1983 nam-

98 2022 152 2073 que
164 2021 225 2059 esse
237 2003 357 2072 undique
369 2003 516 2072 diligenter
528 2004 721 2071 demigratum,
734 2004 784 2059 sed
796 2005 843 2073 qui
860 2022 953 2075 specu-

97 2080 172 2134 lendi
183 2081 273 2149 gratia
288 2083 380 2134 essent
396 2079 511 2133 remissi.
549 2081 576 2133 A
592 2079 690 2150 quibus
706 2097 790 2149 quum
806 2086 953 2150 quaereret
1064 2143 1065 2146 Ἴ

98 2157 200 2212 Caesar
214 2173 269 2225 quo
283 2156 342 2209 loco
352 2155 501 2210 multitudo
518 2159 593 2210 esset
612 2155 827 2224 Bellovacorum,
844 2158 952 2226 quodve

97 2237 171 2288 esset
186 2232 329 2288 consilium
344 2248 446 2298 eorum,
458 2232 616 2287 inveniebat
628 2232 786 2286 Bellovacos
798 2250 893 2289 ornnes
905 2236 952 2305 qui

97 2327 174 2364 arma
186 2310 259 2364 ferre
275 2311 389 2378 possent
404 2307 433 2361 in
445 2324 529 2361 unum
541 2308 629 2362 locum
642 2310 812 2375 convenisse;
830 2310 953 2381 itemque

99 2385 258 2452 Ambianos,
277 2384 418 2452 Aulercos,
440 2384 558 2451 Coletes,
577 2385 764 2453 Veliocasses,
786 2387 952 2456 1111011010ος

98 2463 186 2516 locum
203 2459 304 2516 castris*
312 2461 448 2515 excelsum
459 2461 488 2513 in
506 2460 575 2515 silva
586 2460 742 2531 [impedita]
753 2463 952 2518 circumdatum

98 2538 198 2606 palude
208 2535 356 2605 delegiss03
367 2536 458 2590 omnia
467 2536 664 2606 impedimenta
674 2538 702 2592 in
715 2538 860 2594 ulteriores
872 2541 953 2595 silvas

97 2614 259 2678 contulisse;
277 2613 430 2682 complures
445 2628 506 2666 esse
521 2613 659 2682 principes
673 2613 740 2668 belli
758 2617 954 2680 000101000οᾱ

98 2689 303 2743 multitudinem
314 2689 432 2742 maxime
445 2688 548 2742 Correo
560 2689 758 2759 obtemperare,
766 2692 841 2760 quod
849 2692 875 2746 ei
883 2709 954 2746 sum-

98 2781 143 2817 mo
152 2781 212 2819 esse
220 2764 282 2817 odio
289 2780 387 2818 nomen
398 2764 493 2832 Populi
504 2764 621 2818 Romani
630 2766 846 2833 intellexissent;
857 2769 954 2837 paucis

98 2842 162 2892 ante
175 2838 272 2892 dicbus
284 2857 319 2893 ex
331 2841 374 2893 his
383 2841 480 2894 castris
489 2839 679 2912 [Atrebatem]
689 2842 841 2896 Commium
851 2843 953 2898 disces-

98 2914 165 2965 sisse
177 2913 215 2965 ad
227 2915 531 2969 auxiliaGermanorurn
544 2916 713 2985 adducenda,
721 2934 837 2986 quorum
849 2922 879 2973 et
891 2921 955 2974 vici·

97 2985 170 3037 nitas
185 2987 340 3054 propinqua
352 2995 381 3043 et
394 2990 542 3045 multitudo
555 2996 629 3046 esset
641 2993 760 3048 infinita:
777 2995 954 3050 constituisse

99 3060 190 3110 sutem
212 3059 370 3115 Bellovacos
384 3066 503 3119 omnium
518 3067 672 3136 principum
689 3086 829 3136 consensu,
847 3088 955 3126 0001010

99 3126 186 3190 plebis
193 3131 351 3202 cupiditate,
359 3137 390 3204 si,
397 3141 430 3192 ut
436 3138 589 3207 dicebatur,
595 3142 698 3198 (iaeser
704 3161 764 3199 cum
771 3146 862 3201 tribus
868 3147 955 3218 legio-
