2175 3409
78 137 109 186 56
333 134 361 183 C,
379 134 480 183 JULlI
498 133 670 182 CAESARI>

76 215 138 269 Hoc
150 213 262 268 consilio
273 212 388 282 probate
402 212 438 266 ab
452 212 575 281 ducibus,
587 211 728 280 productis
743 212 926 266 Romanorum

75 291 158 359 copiis
171 307 231 345 sese
243 289 339 344 castris
351 289 491 343 tenebant.
528 288 589 341 Hac
601 305 631 341 re
645 287 789 357 perspecta
805 289 926 356 Crassus,

74 383 159 434 quum
171 382 220 419 sua
235 365 408 419 cunctatione
425 367 508 433 atque
522 363 649 433 opinione
663 364 817 418 timidiores
833 363 927 417 hostes

74 445 182 496 nostros
205 440 307 495 milites
331 440 474 494 alacriores
499 440 536 493 ad
560 440 737 509 pugnandum
750 440 925 507 effecissent,

74 520 158 587 atque
174 517 294 570 omnium
309 533 388 570 voces
404 514 567 569 audirentur
582 516 736 584 exspectari
753 516 857 570 diutius
872 532 926 569 non

74 595 200 661 oportere
212 592 277 662 quin
289 592 325 646 ad
337 596 427 646 castra
442 591 538 657 iretur,
551 590 709 645 cohortatus
724 609 787 646 suos
801 591 926 646 omnibus

74 669 246 737 cupientibus
258 669 294 722 ad
306 668 425 723 hostium
438 671 529 721 castra
540 667 691 722 contendit.

126 749 167 797 25.
205 744 249 797 Ibi
262 761 345 813 quum
358 743 404 797 alii
417 743 502 797 fossas
514 742 690 812 complerent,
700 744 745 796 alii
757 743 851 797 multis
862 743 926 798 telis

73 820 204 888 conjectis
219 819 378 875 defensores
394 819 465 872 vallo
481 819 731 887 munitionibusque
747 819 924 886 depellerent,

73 896 280 966 auxiliaresque,
296 896 396 965 quibus
413 896 449 949 od
467 911 587 964 pugnam
605 911 659 948 non
678 895 794 948 multum
811 895 925 949 Crassus

73 972 235 1038 confidebat,
248 973 384 1042 lapidibus
400 973 519 1041 telisque
536 971 776 1025 subministrandis
792 975 821 1025 et
833 972 869 1024 ad
881 989 925 1039 ag-

72 1064 166 1116 gerem
179 1049 328 1117 cespitibus
337 1047 541 1117 comportandis
551 1047 670 1116 spcciem
679 1052 763 1116 atque
772 1048 924 1115 opinionem

72 1125 252 1192 pugnantium
273 1125 446 1194 praeberent,
471 1139 556 1191 quum
576 1123 644 1177 item
666 1123 701 1176 ab
721 1122 845 1177 hostibus
865 1140 925 1177 con-

73 1203 179 1255 stanter
191 1217 222 1255 ae
234 1218 287 1255 non
299 1201 396 1256 timide
407 1203 586 1269 pugnaretur,
598 1199 708 1266 telaque
721 1216 755 1252 ex
772 1199 830 1253 loco
846 1216 924 1268 supc-

72 1276 144 1331 riore
165 1278 248 1332 missa
268 1294 321 1331 nou
343 1278 445 1331 frustra
465 1274 628 1342 acciderent,
648 1276 756 1343 equites
776 1275 924 1329 circrmritis

72 1350 192 1406 hostium
209 1355 307 1407 castris
324 1356 422 1408 Crasso
440 1352 669 1405 renuntiaverunt
685 1368 737 1405 non
755 1352 851 1405 cadem
863 1369 924 1406 esse

72 1427 214 1496 diligentia
225 1428 261 1482 ab
276 1429 425 1483 decumana
440 1433 521 1495 porta
537 1431 627 1481 castra
641 1428 747 1482 niunita
762 1427 924 1497 facilemque

72 1504 177 1558 aditum
189 1504 300 1559 habere.
405 1533 408 1539 ·

124 1584 164 1634 26.
197 1581 310 1635 Crassus
319 1579 441 1648 equitum
449 1578 602 1647 praefectos
611 1579 768 1634 cohortatus
778 1584 809 1633 ut
817 1581 923 1647 magnis
934 1580 959 1642 a]
970 1580 983 1644 ζ
990 1634 992 1639 ,
1000 1617 1007 1637 ,κ
1016 1615 1061 1644 ,
1071 1609 1073 1638 ,1

71 1656 199 1723 piucrrriis
213 1654 508 1724 pollicitationibusque
525 1670 589 1708 suos
606 1656 766 1724 excitarent,
780 1656 848 1725 quid
863 1656 922 1710 lieri
932 1601 970 1702 ss

72 1731 154 1786 vellet
166 1732 296 1787 ostendit.
334 1731 386 1798 llli,
399 1736 430 1786 ut
442 1735 502 1785 orat
514 1730 687 1799 imperatum,
700 1732 807 1785 eductis
819 1747 866 1785 1111
879 1747 922 1786 eo

71 1806 204 1871 hortibus,
213 1825 283 1877 quae
291 1808 430 1877 praesidio
438 1807 534 1861 castris
543 1805 656 1860 relictae
664 1807 776 1862 intritae
785 1806 821 1860 ab
829 1807 923 1862 laboro

71 1888 158 1950 eraut,
176 1886 206 1938 ct
225 1884 346 1952 longiore
366 1883 464 1937 itinere
485 1881 678 1935 circumductis
699 1899 734 1937 ne
751 1900 786 1937 ex
803 1882 922 1937 hostium

71 1959 168 2013 castris
183 1960 300 2028 conspici
316 1963 436 2028 possent,
449 1958 568 2011 omnium
585 1957 669 2011 oculis
683 1959 874 2027 mentibusque
885 1960 921 2013 ad

71 2050 189 2103 pugnam
197 2036 318 2102 intentis,
326 2034 495 2089 celeriterad
503 2050 550 2087 eas
558 2050 625 2102 quas
633 2033 921 2089 diximusmunitiones

71 2115 262 2178 pervenerunt,
271 2116 356 2181 atquc
368 2111 409 2164 his
421 2111 561 2180 perruptis
573 2110 649 2178 prius
658 2111 687 2164 in
696 2110 815 2165 hostium
824 2111 921 2164 castris

71 2188 253 2242 constiterunt
265 2205 346 2257 quam
359 2188 439 2256 plane
452 2186 487 2239 ab
499 2185 542 2238 his
555 2185 643 2239 videri
656 2191 704 2240 aut
716 2186 784 2256 quid
795 2187 835 2241 rei
843 2202 921 2255 gere-

70 2267 148 2318 retur
165 2265 289 2332 cognosci
306 2267 406 2333 posset.
443 2263 512 2315 Tum
530 2278 596 2315 vere
613 2262 730 2315 clamore
746 2262 780 2315 ab
795 2279 828 2315 ea
842 2266 920 2331 parte

70 2339 165 2393 audito
172 2339 258 2393 nostri
267 2339 463 2407 redintegratis
470 2338 580 2404 viribus,
587 2338 661 2406 quod
668 2336 828 2406 plerumque
835 2339 863 2391 in
871 2354 919 2405 spo

70 2414 199 2469 victoriae
209 2415 333 2470 accidere
342 2416 488 2480 consuevit,
499 2414 588 2467 acrius
597 2413 756 2482 impugnare
765 2416 917 2482 coeperunt

72 2491 174 2545 Ilestes
193 2491 316 2561 undique
335 2491 511 2546 circumventi
529 2489 681 2557 desperatis
698 2489 823 2543 omnihus
838 2489 920 2542 rebus

70 2582 100 2619 se
111 2565 162 2634 p'er
172 2567 338 2624 munitiones
351 2567 471 2635 dejicere
484 2571 513 2621 et
524 2566 590 2633 fuga
603 2565 719 2619 salutem
730 2569 825 2634 petere
834 2565 919 2618 inten-

70 2642 177 2697 derunt.
208 2643 283 2708 Quos
294 2644 433 2712 equitatus
445 2642 624 2712 apertissimis
635 2642 738 2710 campis
750 2634 944 2695 consectatus*
988 2640 1011 2684 ⁷<

70 2735 105 2771 ex
122 2720 226 2774 milium
244 2735 261 2773 n
279 2736 400 2786 numero,
412 2736 482 2787 quae
500 2735 534 2771 ex
553 2718 704 2785 Aquitania
721 2717 919 2785 Cantabrisque

69 2796 226 2848 convenisse
250 2794 466 2862 cunctabatur
491 2796 590 2861 quarta
610 2796 690 2861 parte
715 2793 811 2847 relicta
833 2792 944 2846 mutar
983 2832 998 2862 ,

69 2874 147 2923 necte
160 2887 190 2924 se
201 2872 229 2924 in
241 2875 331 2924 castra
342 2870 455 2939 recepit.

121 2950 162 3002 27.
198 2946 259 2999 Hac
270 2946 364 2999 audita
376 2962 467 3014 pugna
478 2945 597 2998 maxima
609 2960 674 3012 pars
683 2943 851 3013 Aquitaniae
859 2959 919 2998 seso

71 3019 168 3072 Crasso
187 3020 295 3075 dedidit
314 3021 478 3090 obsidesque
496 3021 570 3075 ultro
585 3020 674 3085 misit;
692 3036 746 3088 quo
762 3020 789 3073 in
806 3035 919 3073 numere

70 3094 181 3148 luerunt
199 3096 325 3162 Tarbelli,
344 3096 525 3164 Bigerrioncs,
544 3095 675 3164 Preciaui,
692 3097 819 3162 Vocatcs,
836 3093 919 3150 laru-

70 3171 151 3236 sates,
159 3168 292 3237 Elusates,
300 3171 416 3233 Garites,
426 3172 516 3239 Ausci,
526 3170 668 3239 Garumni,
676 3171 825 3239 Sibuzates,
836 3171 920 3227 Coco-
1075 3235 1086 3264 Ι
